@UNPUBLISHED{Gabiccini:RSS:2015,
  author =       {Marco Gabiccini and Alessio Artoni and Gabriele Pannocchia and Joris Gillis},
  title =        {A Computational Framework for Environment-Aware Robotic Manipulation Planning},
  note =         {Under review},
  year =         {2015}
}

@INPROCEEDINGS{Bonilla:Humanoids:2015,
  author =       {Manuel Bonilla and Edoardo Farnioli and Cristina Piazza and Manuel Catalano
                  and Giorgio Grioli and Manolo Garabini and Marco Gabiccini and Antonio Bicchi},
  title =        {Grasping with Soft Hands},
  booktitle =    HUMANOIDS,
  year =         {2014},
  address =      {Madrid, Spain},
  month =        {November}
}

@inproceedings{saxena2008b,
    title={Learning Grasp Strategies with Partial Shape Information.},
    author={Saxena, Ashutosh and Wong, Lawson LS and Ng, Andrew Y},
    booktitle={AAAI},
    volume={3},
    number={2},
    pages={1491--1494},
    year={2008}
}

@inproceedings{detry2013a,
    title={Learning a dictionary of prototypical grasp-predicting parts from grasping experience},
    author={Detry, Renaud and Ek, Carl Henrik and Madry, Marianna and Kragic, Danica},
    booktitle={Robotics and Automation (ICRA), 2013 IEEE International Conference on},
    pages={601--608},
    year={2013},
    organization={IEEE}
}

@article{herzog2014a,
    title={Learning of grasp selection based on shape-templates},
    author={Herzog, Alexander and Pastor, Peter and Kalakrishnan, Mrinal and Righetti, Ludovic and Bohg, Jeannette and Asfour, Tamim and Schaal, Stefan},
    journal={Autonomous Robots},
    volume={36},
    number={1-2},
    pages={51--65},
    year={2014},
    publisher={Springer}
}

@inproceedings{kroemer2012a,
    title={A kernel-based approach to direct action perception},
    author={Kroemer, Oliver and Ugur, Emre and Oztop, Erhan and Peters, Jan},
    booktitle={Robotics and Automation (ICRA), 2012 IEEE International Conference on},
    pages={2605--2610},
    year={2012},
    organization={IEEE}
}

@inproceedings{ben2012generalization,
    title={Generalization of human grasping for multi-fingered robot hands},
    author={Ben Amor, H and Kroemer, Oliver and Hillenbrand, Ulrich and Neumann, Gerhard and Peters, Jan},
    booktitle={Intelligent Robots and Systems (IROS), 2012 IEEE/RSJ International Conference on},
    pages={2043--2050},
    year={2012},
    organization={IEEE}
}

@inproceedings{hillenbrand2012transferring,
    title={Transferring functional grasps through contact warping and local replanning},
    author={Hillenbrand, Ulrich and Roa, Maximo A},
    booktitle={Intelligent Robots and Systems (IROS), 2012 IEEE/RSJ International Conference on},
    pages={2963--2970},
    year={2012},
    organization={IEEE}
}

@UNPUBLISHED{kopicki2015oneshot,
    author =       {Marek Kopicki and Maxime Adjigble and Rustam Stolkin and Ales Leonardis and Renaud Detry and Jeremy L. Wyatt},
    title =        {One shot learning and generation of dexterous grasps for novel objects},
    note =         {Under review},
    year =         {2015}
}

@UNPUBLISHED{bonilla2015samplebased,
    author =       {Manuel Bonilla and Edoardo Farnioli and Lucia Pallottino and Antonio Bicchi},
    title =        {Sample-based motion planning for soft robot manipulators under task constraints},
    note =         {Under review},
    year =         {2015}
}

@inproceedings{bialkowski2013free,
    title={Free-configuration biased sampling for motion planning},
    author={Bialkowski, Joshua and Otte, Michael and Frazzoli, Emilio},
    booktitle={Intelligent Robots and Systems (IROS), 2013 IEEE/RSJ International Conference on},
    pages={1272--1279},
    year={2013},
    organization={IEEE}
}

@article{prattichizzo1997consistent,
    title={Consistent task specification for manipulation systems with general kinematics},
    author={Prattichizzo, Domenico and Bicchi, Antonio},
    journal={Journal of dynamic systems, measurement, and control},
    volume={119},
    number={4},
    pages={760--767},
    year={1997},
    publisher={American Society of Mechanical Engineers}
}

@article{prattichizzo1998dynamic,
    title={Dynamic analysis of mobility and graspability of general manipulation systems},
    author={Prattichizzo, Domenico and Bicchi, Antonio},
    journal={Robotics and Automation, IEEE Transactions on},
    volume={14},
    number={2},
    pages={241--258},
    year={1998},
    publisher={IEEE}
}
