@UNPUBLISHED{Gabiccini:RSS:2015,
  author =       {Marco Gabiccini and Alessio Artoni and Gabriele Pannocchia and Joris Gillis},
  title =        {A Computational Framework for Environment-Aware Robotic Manipulation Planning},
  note =         {Under review},
  year =         {2015}
}

@INPROCEEDINGS{Bonilla:Humanoids:2015,
  author =       {Manuel Bonilla and Edoardo Farnioli and Cristina Piazza and Manuel Catalano
                  and Giorgio Grioli and Manolo Garabini and Marco Gabiccini and Antonio Bicchi},
  title =        {Grasping with Soft Hands},
  booktitle =    HUMANOIDS,
  year =         {2014},
  address =      {Madrid, Spain},
  month =        {November}
}
