@string{AAAI = "{AAAI Conf.~on Artificial Intelligence}"}

@string{BMVC = "{British Machine Vision Conf. (BMVC)}"}

@string{CVIU = "{Comp. Vision and Image Understanding (CVIU)}"}

@string{CVPR = "{IEEE Conf.~on Computer Vision and Pattern Recognition (CVPR)}"}

@string{ECCV = "{European Conf.~on Computer Vision (ECCV)}"}

@string{FOCS = "{Symp. on Foundations of Computer Science}"}

@string{FSR = "{Int.~Conf.~of Field and Service Robotics (FSR)}"}

@string{ICCV = "{IEEE Int.~Conf.~on Computer Vision (ICCV)}"}

@string{ICML = "{Int. Conf. on Machine Learning (ICML)}"}

@string{ICRA = "{IEEE Int. Conf.~on Robotics and Automation (ICRA)}"}

@string{ICVS = "{Int.~Conf.~of Computer Vision and Systems (ICVS)}"}

@string{IJCAI = "{Int. Joint Conf. on Artificial Intelligence (IJCAI)}"}

@string{IJCV = "{Int.~Journal of Computer Vision (IJCV)}"}

@string{IJRR = "{Int.~Journal of Robotics Research (IJRR)}"}

@string{IROS = "{IEEE Int. Conf.~on Intelligent Robots and Systems (IROS)}"}

@string{ITSC = "{Int.~Conf.~on Intelligent Tranportation Systems (ITSC)}"}

@string{PAMI = "{IEEE Tran.~on Pattern Analysis and Machine Intelligence (PAMI)}"}

@string{RSS = "{Robotics: Science and Systems (RSS)}"}

@string{HUMANOIDS = "{IEEE-RAS Int.~Conf.~on Humanoid Robots (Humanoids)}"}

@string{AAMAS = "{Int.~Conf. on Autonomous Agents and Multiagent Systems (AAMAS)}"}

@string{ISER = "{Int.~Symposium on Experimental Robotics (ISER)}"}

@string{ISRR = "{Int.~Symposium on Robotics Research (ISRR)}"}

@string{ICAR = "{IEEE Int.~Conf. on Advanced Robotics (ICAR)}"}

@string{HRI = "{IEEE Int.~Conf. on Human-Robot Interaction (HRI)}"}

@string{ROBIO = "{IEEE Int.~Conf. on Robotics and Biomimetics (ROBIO)}"}

@string{IEEERAS = "{IEEE Robotics and Automation Magazine}"}

@string{TransRob = "{IEEE Transactions on Robotics}"}

@string{TransAero = "{IEEE Transactions on Aerospace and Electronic Systems}"}

@string{HapticsSymp = "{IEEE Haptics Symposium (HAPTICS)}"}

@string{TransGraph = "{ACM Transactions on Graphics (TOG)}"}

@string{IJNME = "{Int.~Journal for Numerical Methods in Engineering}"}

@string{TME = "{IEEE/ASME Transactions on Mechatronics}"}

@string{MP = "{Mathematical Programming}"}
