@INPROCEEDINGS{Santaera:ICRA:2015,
  author    = {Gaspare Santaera and Emanuele Luberto and Alessandro Serio and
               Marco Gabiccini and Antonio Bicchi},
  title     = {Low-cost, Fast and Accurate Reconstruction of Robotic and Human Postures
               via IMU Measurements},
  booktitle =  ICRA,
  year      = {2015},
  address   = {Seattle, USA},
  month     = {May}
}

@INPROCEEDINGS {Adaptive1989Balestrino,
	title = {Adaptive Surface Following and Reconstruction Using Intrinsic Tactile Sensing},
	booktitle = {Proc. IEEE Int. Works. on Sensorial Integration for Industrial Robots},
	year = {1989},
	address = {Zaragoza, Spain},
	author = {A. Balestrino and A. Bicchi}
}

@INPROCEEDINGS{Prescribed2009Bechlioulis,
  author = {Bechlioulis, C. and Doulgeri, Z. and Rovithakis, G.}, 
  booktitle = {Proc. IEEE Control App. \& Intelligent Control}, 
  title = {Prescribed performance adaptive control for robot force/position tracking}, 
  year = {2009}, 
  month = {July}, 
  pages = {920-925},
  address = {St. Petersburg}
}

@conference {Active2014Rosales,
  title = {Active gathering of frictional properties from objects},
  booktitle = {Proc. IEEE/RSJ Intl Conf. on Intelligent Robots and Systems},
  year = {2014},
  pages = {3982 - 3987},
  publisher = {IEEE},
  address = {Chicago, USA},
  author = {C. Rosales and A. Ajoudani and M Gabiccini and A. Bicchi}
}

@conference {MadgwickMARG,
  title = {Estimation of IMU and MARG orientation using a gradient descent algorithm},
  booktitle = {Proc. IEEE/RSJ Intl Conf. on Rehabilitation Robotics},
  year = {2011},
  publisher = {IEEE},
  address = {Zurich, Switzerland},
  author = {S. Madgwick and A. Harrison and Ravi Vaidyanathan}
}
