@INPROCEEDINGS{Santaera:ICRA:2015,
  author    = {Gaspare Santaera and Emanuele Luberto and Alessandro Serio and
               Marco Gabiccini and Antonio Bicchi},
  title     = {Low-cost, Fast and Accurate Reconstruction of Robotic and Human Postures
               via IMU Measurements},
  booktitle =  ICRA,
  year      = {2015},
  address   = {Seattle, USA},
  month     = {May}
}
