@MISC{ProjectWebsite,
  author = {{PaCMan Site}},
  url = {{http://www.pacman-project.eu/}}, 
  urldate = {2016-01-19}
}

@inproceedings{comp1,
author = {Fidler, Sanja and Leonardis, Ales},
title = {Towards Scalable Representations of Object Categories: Learning a Hierarchy of Parts},
booktitle = {IEEE Conference on Computer Vision and Pattern Recognition (CVPR)},
year = {2007}
}

@inproceedings{comp2,
  author = {Zhu, Long and Yuille, Alan L.},
  booktitle = {Advances in Neural Information Processing Systems},
  title = {A Hierarchical Compositional System for Rapid Object Detection.},
  year = 2005
}

@article{comp3,
    author = {Ommer, B. and Buhmann, J.},
    journal = {IEEE Transactions on Pattern Analysis and Machine Intelligence},
    title = {{Learning the Compositional Nature of Visual Object Categories for Recognition}},
    volume = {32},
    year = {2010}
}

@article{comp4,
  author    = {Felzenszwalb, Pedro F.  and Girshick, Ross B. and McAllester, David A. and Ramanan, Deva},
  title     = {Object Detection with Discriminatively Trained Part-Based Models},
  journal   = {IEEE Transactions on Pattern Analysis and Machine Intelligence},
  volume    = {32},
  year      = {2010}
}

@InProceedings{lccp,
author = {Stein, Christoph Simon and Schoeler, Markus and Papon, Jeremie and W{\"o}rg{\"o}tter, Florentin},
title = {Object Partitioning using Local Convexity},
booktitle = {IEEE Conference on Computer Vision and Pattern Recognition (CVPR)},
month = {June},
year = {2014}
}

@conference {vfh,
	title = {Fast {3D} Recognition and Pose Using the Viewpoint Feature Histogram},
	booktitle = {IROS},
	author = {Rusu, Radu Bogdan and Bradski, Gary and Thibaux, Romain and Hsu, John},
  year = {2010}
}

@INPROCEEDINGS{esf,
author={Wohlkinger, W. and Vincze, M.},
booktitle={IEEE International Conference on Robotics and Biomimetics (ROBIO)},
title={Ensemble of shape functions for {3D} object classification},
year={2011},
}

@inproceedings{affordance_icra,
  author    = {Austin Myers and Ching L. Teo and Cornelia Ferm\"uller and Yiannis Aloimonos},
  title     = {Affordance Detection of Tool Parts from Geometric Features},
  booktitle = {ICRA},
  year      = {2015}
}

@INPROCEEDINGS{lccp-grasp, 
author={Stein, S.C. and Worgotter, F. and Schoeler, M. and Papon, J. and Kulvicius, T.}, 
booktitle={Robotics and Automation (ICRA), 2014 IEEE International Conference on}, 
title={Convexity based object partitioning for robot applications}, 
year={2014}, 
pages={3213-3220}, 
month={May}
}

@article{saxena_deep_grasps,
  title={Deep Learning for Detecting Robotic Grasps},
  author={Ian Lenz and Honglak Lee and Ashutosh Saxena},
  year={2015},
  journal={IJRR}
}

@inproceedings{grasping_ng,
  author = {Le, Quoc V. and Kamm, David and Kara, A. F. and Ng, Andrew Y.},
  booktitle = {ICRA},
  publisher = {IEEE},
  title = {Learning to grasp objects with multiple contact points.},
  year = 2010
}

@inproceedings{grasping_mrf,
  author = {Boularias, A. and Kroemer, O. and Peters, J.},
  month = sep,
  publisher = {IEEE},
  title = {Learning robot grasping from 3-{D} images with Markov Random Fields},
  booktitle = {IROS},
  year = {2011}
}

@inproceedings{cps,
  author    = {Safoura Rezapour Lakani and
               Mirela Popa and
               Antonio Jose Rodr{\'{\i}}guez{-}S{\'{a}}nchez and
               Justus H. Piater},
  title     = {{CPS:} 3D Compositional Part Segmentation through Grasping},
  booktitle = {12th Conference on Computer and Robot Vision, {CRV} 2015},
  year      = {2015},
}

@article{kopicki2015a,
	title={One shot learning and generation of dexterous grasps for novel objects},
	author={Marek Kopicki and Renaud Detry and Maxime Adjigble and Rustam Stolkin and Ales Leonardis and Jeremy L. Wyatt},
	journal={The International Journal of Robotics Research},
	year={2015},
}
@inproceedings{ycb,
title = {BigBIRD: A Large-Scale 3D Database of Object Instances},
author = {Arjun Singh and James Sha and Karthik Narayan and Tudor Achim and Pieter Abbeel},
booktitle = {Proceedings of the IEEE International Conference on Robotics and Automation (ICRA)},
year  = 2014
}
@inproceedings{saxena_grasp_partial,
  author = {Saxena, Ashutosh and Wong, Lawson L. S. and Ng, Andrew Y.},
  booktitle = {AAAI},
  publisher = {AAAI Press},
  title = {Learning Grasp Strategies with Partial Shape Information.},
  year = 2008
}
@phdthesis{saxena_thesis,
 author = {Saxena, Ashutosh},
 advisor = {Ng, Andrew Y.},
 title = {Monocular Depth Perception and Robotic Grasping of Novel Objects},
 year = {2009},
 publisher = {Stanford University},
} 
@inproceedings{ellipsoid_grasping,
  author = {Platt, Robert and Grupen, Roderic A. and Fagg, Andrew H.},
  booktitle = {Humanoids},
  title = {Learning Grasp Context Distinctions that Generalize.},
  year = 2006
}
@inproceedings{saxena_grasp_novel_objects,
  author = {Saxena, Ashutosh and Driemeyer, Justin and Kearns, Justin and Osondu, Chioma and Ng, Andrew Y.},
  booktitle = {ISER},
  title = {Learning to Grasp Novel Objects Using Vision.},
  year = 2006
}
