% This file was created with JabRef 2.9.2.
% Encoding: MacRoman

@INPROCEEDINGS{Dragiev2013Uncertainty,
  author = {Dragiev, Stanimir and Toussaint, Marc and Gienger, Michael},
  title = {Uncertainty aware grasping and tactile exploration},
  booktitle = {IEEE International Conference on Robotics and Automation},
  year = {2013},
  pages = {113--119},
  month = may,
  institution = {CoR-Lab., Bielefeld, Germany},
  isbn = {978-1-4673-5641-1},
  issn = {1050-4729},
  owner = {Memnone},
  timestamp = {2016.02.24}
}

@INPROCEEDINGS{Dragiev2011Gaussian,
  author = {Dragiev, Stanimir and Toussaint, Marc and Gienger, Michael},
  title = {Gaussian process implicit surfaces for shape estimation and grasping},
  booktitle = {Proceedings of the IEEE International Conference on Robotics and
	Automation},
  year = {2011},
  pages = {2845--2850},
  month = may,
  institution = {Machine Learning Group, Tech. Univ. Berlin, Berlin, Germany},
  isbn = {978-1-61284-386-5},
  issn = {1050-4729},
  owner = {Memnone},
  timestamp = {2016.02.24}
}

@ARTICLE{Jaillet2013Path,
  author = {Jaillet, L. and Porta, J. M.},
  title = {Path Planning Under Kinematic Constraints by Rapidly Exploring Manifolds},
  journal = {IEEE Transactions on Robotics},
  year = {2013},
  volume = {29},
  pages = {105--117},
  number = {1},
  month = feb,
  institution = {Inst. de Robot. i Inf. Ind., UPC, Barcelona, Spain},
  issn = {1552-3098},
  owner = {Memnone},
  publisher = {IEEE},
  timestamp = {2016.02.24}
}

@MISC{ProjectWebsite,
  author = {{PaCMan Site}},
  url = {{http://www.pacman-project.eu/}},
  urldate = {2016-01-19}
}

