% This file was created with JabRef 2.9.2.
% Encoding: Cp1252

@INPROCEEDINGS{bib:rrt2,
  author = {Y. Abbasi-yadkori and J. Modayil and C. Szepesvari},
  title = {Extending Rapidly-Exploring Random Trees for Asymptotically Optimal
	Anytime Motion Planning},
  booktitle = {{IEEE} Proc. of Intelligent Robots and Systems ({IROS})},
  year = {2010},
  owner = {Administrator},
  timestamp = {2011.07.18}
}

@ARTICLE{bib:argall_2009,
  author = {Argall, B.D. and Chernova, S. and Veloso, M. and Browning, B.},
  title = {A survey of robot learning from demonstration},
  journal = {Robotics and Autonomous Systems},
  year = {2009},
  volume = {57},
  pages = {469-483},
  number = {5},
  owner = {Memnone},
  timestamp = {2015.03.31}
}

@ARTICLE{bib:bandit2,
  author = {Auer, P. and Cesa-Bianchi, N. and Fisher, P.},
  title = {Finite time analysis of the multiarmed bandit problem},
  journal = {Machine Learning},
  year = {2002},
  volume = {47(2-3)},
  pages = {235-256},
  owner = {Administrator},
  timestamp = {2011.12.21}
}

@ARTICLE{bib:bays_2007,
  author = {Bays, PM. and Wolpert, D.M.},
  title = {Computational principles of sensorimotor control that minimize uncertainty
	and variability},
  journal = {J Physiol},
  year = {2007},
  volume = {538},
  pages = {387-396},
  owner = {Memnone},
  timestamp = {2014.10.01}
}

@ARTICLE{bib:bekiroglu_trans_2011,
  author = {Bekiroglu, Y. and Laaksonen, J. and Jorgensen, J. A. and Kyrki, V.
	and Kragic, D.},
  title = {Assessing Grasp Stability Based on Learning and Haptic Data},
  journal = {{IEEE} Trans. on Robotics},
  year = {2011},
  volume = {27},
  pages = {616-629},
  number = {3},
  booktitle = {{IEEE} Trans. on Robotics},
  owner = {Memnone},
  timestamp = {2014.09.30}
}

@BOOK{bib:bellman_1957,
  title = {Dynamic Programming},
  publisher = {Princeton University Press, Princeton, NJ},
  year = {1957},
  author = {Bellman, R.},
  owner = {Memnone},
  timestamp = {2014.10.18}
}

@INPROCEEDINGS{bib:bellman,
  author = {R. Bellman},
  title = {On the theory of dynamic programming},
  booktitle = {National Academy of Sciences},
  year = {1952},
  owner = {Administrator},
  timestamp = {2011.07.19}
}

@INPROCEEDINGS{bib:ben_amor_2012,
  author = {Ben Amor, H. and Kroemer, O. and Hillenbrand, U. and Neumann, G.
	and Peters, J.},
  title = {Generalization of human grasping for multi-fingered robot hands},
  booktitle = {{IEEE/RSJ} Proc. Int. Conf. on Intelligent Robots and Systems ({IROS})},
  year = {2012},
  owner = {Memnone},
  timestamp = {2015.03.19}
}

@ARTICLE{Ben-Shahar_mobilepushing_1998,
  author = {O. Ben-Shahar and E. Rivlin},
  title = {To push or not to push: On the arrangement of movable objects by
	a mobile robot},
  journal = {IEEE Trans. on Systems, Man, and Cybernetics:Part B},
  year = {1998},
  volume = {28},
  pages = {667--679},
  number = {5},
  owner = {Memnone},
  timestamp = {2014.11.01}
}

@ARTICLE{bib:ben-shahar_mobilepushing_1998,
  author = {O. Ben-Shahar and E. Rivlin},
  title = {To push or not to push: On the arrangement of movable objects by
	a mobile robot},
  journal = {IEEE Trans. on Systems, Man, and Cybernetics},
  year = {1998},
  volume = {28},
  pages = {667--679},
  number = {5},
  part = {B},
  owner = {Administrator},
  timestamp = {2011.12.14}
}

@BOOK{bib:betts_book_2001,
  title = {Pratical methods for optimal control using nonlinear programming},
  publisher = {Siam},
  year = {2001},
  author = {Betts, J.},
  owner = {Administrator},
  timestamp = {2012.06.29}
}

@INPROCEEDINGS{bib:klondike,
  author = {R. Bjarnason and A. Fern and P. Tadepalli},
  title = {Lower Bounding Klondike Solitaire with Monte-Carlo Planning},
  booktitle = {Proc. Int. Conf. on Automated Planning and Scheduling ({ICAPS})},
  year = {2009},
  owner = {Administrator},
  timestamp = {2011.07.18}
}

@INPROCEEDINGS{bib:boor_1999,
  author = {Boor, V. and Overmars, M. H. and Van Der Stappen, A. F.},
  title = {The gaussian sampling strategy for probabilistic roadmap planners},
  booktitle = {{IEEE} Proc. Int. Conf. on Robotic and Automation ({ICRA}) ({ICRA})},
  year = {1999},
  owner = {Memnone},
  timestamp = {2015.01.11}
}

@INPROCEEDINGS{bib:brost_icra_1986,
  author = {Brost, R. C.},
  title = {Automatic grasp planning in the presence of uncertainty},
  booktitle = {{IEEE} Proc. Int. Conf. on Robotic and Automation ({ICRA})},
  year = {1986},
  volume = {7},
  pages = {3--17},
  address = {Thousand Oaks, CA, USA},
  month = {February},
  publisher = {Sage Publications, Inc.},
  issue = {1},
  numpages = {15},
  owner = {Administrator},
  timestamp = {2012.07.07}
}

@INPROCEEDINGS{bib:burns_2007,
  author = {Burns, B. and Brock, O.},
  title = {Single-query motion planning with utility-guided random trees},
  booktitle = {{IEEE} Proc. Int. Conf. on Robotic and Automation ({ICRA}) ({ICRA}},
  year = {2007},
  owner = {Memnone},
  timestamp = {2015.01.11}
}

@ARTICLE{bib:butterfass_2004,
  author = {Butterfass, J. and Fischer, M. and Grebenstein, M. and Haidacher,
	S. and Hirzinger, G.},
  title = {Design and experiences with DLR Hand II},
  journal = {World Automation Congress: Tenth Int. Symposium on Robotics with
	Applications},
  year = {2004},
  volume = {15},
  pages = {105-110},
  booktitle = {World Automation Congress: Tenth Int. Symposium on Robotics with
	Applications},
  owner = {Memnone},
  timestamp = {2015.01.06}
}

@INPROCEEDINGS{bib:butterfass_1998,
  author = {Butterfass, J. and Hirzinger, G. and Knoch, S. and Liu, H.},
  title = {{DLR}'s multisensory articulated hand. Part {I}: Hard and software
	architecture},
  booktitle = {{IEEE} Proc. Int. Conf. on Robotic and Automation ({ICRA})},
  year = {1998},
  owner = {Memnone},
  timestamp = {2015.01.06}
}

@UNPUBLISHED{bib:tutorialcandido,
  author = {Candido, S.},
  title = {Tutorial on Optimization for Partially-Observed Markov Decision Processes},
  owner = {Administrator},
  timestamp = {2011.07.25}
}

@INPROCEEDINGS{bib:candido10,
  author = {Candido, S. and Davidson, J. and Hutchinson, S.},
  title = {Exploiting Domain Knowledge in Planning for Uncertain Robot System
	Modeled as POMDPs},
  booktitle = {{IEEE} Proc. Int. Conf. on Robotic and Automation ({ICRA})},
  year = {2010},
  owner = {Administrator},
  timestamp = {2011.07.19}
}

@INPROCEEDINGS{bib:candido11,
  author = {Candido, S. and Hutchinson, S.},
  title = {Minimum Uncertainty Robot Navigation Using Information-guided POMDP
	Planning},
  booktitle = {{IEEE} Proc. Int. Conf. on Robotic and Automation ({ICRA})},
  year = {2011},
  owner = {Administrator},
  timestamp = {2011.07.19}
}

@INPROCEEDINGS{bib:cappellieri_icra_2006,
  author = {D. J. Cappelleri and J. Fink and B. Mukundakrishnan and V. Kumar
	and J. C. Trinkle},
  title = {Designing open-loop plans for planar micro-manipulation},
  booktitle = {{IEEE} Proc. Int. Conf. on Robotic and Automation ({ICRA})},
  year = {2006},
  pages = {637-642},
  owner = {Administrator},
  timestamp = {2012.07.07}
}

@ARTICLE{bib:catalano_2014,
  author = {Catalano, M. and Grioli, G. and Farnioli, E. and Serio, A. and Bicchi,
	A.},
  title = {Adaptive Synergies for the Design and Control of the Pisa/IIT SoftHand},
  journal = {Int. Journal of Robotics Research},
  year = {2014},
  volume = {33},
  pages = {768-782},
  number = {5},
  owner = {Memnone},
  timestamp = {2015.01.06}
}

@INPROCEEDINGS{bib:cheng_2007,
  author = {Cheng, P. and Pappas, G. and Kumar, V.},
  title = {Decidability of motion planning with differential constraints},
  booktitle = {{IEEE} Proc. Int. Conf. on Robotic and Automation ({ICRA}) ({ICRA})},
  year = {2007},
  owner = {Memnone},
  timestamp = {2015.01.08}
}

@INPROCEEDINGS{bib:chitta_icra_2010,
  author = {Chitta, S and Piccoli, M. and Sturm, J.},
  title = {Tactile Object Class and Internal State Recognition for Mobile Manipulation},
  booktitle = {{IEEE} Proc. Int. Conf. on Robotic and Automation ({ICRA})},
  year = {2010},
  owner = {Memnone},
  timestamp = {2014.09.30}
}

@INPROCEEDINGS{bib:christopoulos,
  author = {Christopoulos, V.N. and Schrater, P.R.},
  title = {Grasping objects with environmentally induced position uncertainty},
  booktitle = {PLoS Computational Biology},
  year = {2009},
  volume = {5},
  month = {October},
  date-added = {2012-02-27 00:14:13 +0000},
  date-modified = {2012-02-27 00:16:59 +0000}
}

@INPROCEEDINGS{bib:ciocarlie_2007,
  author = {Ciocarlie, M. and Goldfeder, C. and Allen, P.},
  title = {Dexterous Grasping via Eigengrasps: A Low-dimensional Approach to
	a High-complexity Problem},
  booktitle = {Robotics: Science and Systems - Robot Manipulation: Sensing and Adapting
	to the Real World},
  year = {2007},
  owner = {Memnone},
  timestamp = {2015.04.09}
}

@INPROCEEDINGS{bib:corcoran_icra_2010,
  author = {Corcoran, C. and Platt, R.},
  title = {A measurement model for tracking hand-object state during dexterous
	manipulation},
  booktitle = {{IEEE} Proc. Int. Conf. on Robotic and Automation ({ICRA})},
  year = {2010},
  owner = {Memnone},
  timestamp = {2014.09.30}
}

@ARTICLE{bib:cutkosky_1989,
  author = {Cutkosky, M. R.},
  title = {On grasp choice, grasp models, and the design of hands for manufacturing
	tasks},
  journal = {{IEEE} Trans. on Robotics and Automation},
  year = {1989},
  volume = {5},
  pages = {269-279},
  number = {3},
  owner = {Memnone},
  timestamp = {2015.01.07}
}

@INPROCEEDINGS{bib:dang_icra_2011,
  author = {Dang, H. and Weisz, J. and Allen, P.K.},
  title = {Blind grasping: Stable robotic grasping using tactile feedback and
	hand kinematics},
  booktitle = {{IEEE} Proc. Int. Conf. on Robotic and Automation ({ICRA})},
  year = {2011},
  owner = {Memnone},
  timestamp = {2014.09.30}
}

@INPROCEEDINGS{bib:davidson_icra_2008,
  author = {J. Davidson and S. Hutchinson},
  title = {Hyper-particle filtering for stochastic systems},
  booktitle = {{IEEE} Proc. Int. Conf. on Robotic and Automation ({ICRA})},
  year = {2008},
  owner = {Memnone},
  timestamp = {2014.11.18}
}

@INPROCEEDINGS{bib:richard,
  author = {R. Dearden and M. Kneebone},
  title = {Uncertain Probabilistic Roadmaps with Observations},
  booktitle = {27th Workshop of the UK Planning and Scheduling Special Interest
	Group (PlanSIG 2008)},
  year = {2008},
  owner = {Administrator},
  timestamp = {2011.07.21}
}

@INPROCEEDINGS{bib:deimel_2014,
  author = {Deimel, R. and Brock, P.},
  title = {A Novel Type of Compliant, Underactuated Robotic Hand for Dexterous
	Grasping},
  booktitle = {{IEEE} Proc. of Robotics: Science and Systems ({RSS})},
  year = {2014},
  owner = {Memnone},
  timestamp = {2015.01.06}
}

@PHDTHESIS{bib:detry_2010,
  author = {R. Detry},
  title = {Learning of Multi-Dimensional, Multi-Modal Features for Robotic Grasping},
  school = {University of Liege},
  year = {2010},
  owner = {Administrator},
  timestamp = {2011.03.15}
}

@INPROCEEDINGS{bib:dogar_2010,
  author = {M.R. Dogar and S.S. Srinivasa},
  title = {Push-Grasping with Dexterous Hands : Mechanics and a Method},
  booktitle = {{IEEE/RSJ} Proc. Int. Conf. on Intelligent Robots and Systems ({IROS})},
  year = {2010},
  owner = {Administrator},
  timestamp = {2011.03.21}
}

@INPROCEEDINGS{bib:dollar_2008,
  author = {Dollar, A. M. and Howe, R. D.},
  title = {Simple, reliable robotic grasping for human environments},
  booktitle = {{IEEE} Int. Conf. on Technologies for Practical Robot Applications
	({TePRA})},
  year = {2008},
  pages = {156-161},
  owner = {Memnone},
  timestamp = {2015.01.06}
}

@INPROCEEDINGS{bib:duff_icra_2011,
  author = {D. Duff and T. Morwald and R. Stolkin and J. Wyatt},
  title = {Physical simulation for monocular 3D model based tracking},
  booktitle = {{IEEE} Proc. Int. Conf. on Robotic and Automation ({ICRA})},
  year = {2011},
  address = {Shanghai},
  month = May,
  owner = {Administrator},
  timestamp = {2012.07.07}
}

@INPROCEEDINGS{duff_icra_2011,
  author = {D. Duff and T. Morwald and R. Stolkin and J. Wyatt},
  title = {Physical simulation for monocular 3D model based tracking},
  booktitle = {{IEEE} Proc. Int. Conf. on Robotic and Automation ({ICRA})},
  year = {2011},
  address = {Shanghai},
  month = May,
  owner = {Memnone},
  timestamp = {2014.11.01}
}

@INPROCEEDINGS{damien_jade_duff_motion_2010,
  author = {D. Duff and J. Wyatt and R. Stolkin},
  title = {Motion Estimation Using Physical Simulation},
  booktitle = {{IEEE} Proc. Int. Conf. on Robotic and Automation ({ICRA})},
  year = {2010},
  owner = {Memnone},
  timestamp = {2014.11.01}
}

@ARTICLE{bib:slam,
  author = {Durrant-Whyte, H. and Bailey, T.},
  title = {Simultaneous Localization and Mapping (SLAM): Part I The Essential
	Algorithm},
  journal = {Robotics and Automation Magazine},
  year = {2006},
  volume = {13(2)},
  pages = {99-110},
  owner = {Administrator},
  timestamp = {2011.12.13}
}

@INPROCEEDINGS{bib:toit_icra_2010,
  author = {Du Toit, N. and Burdick, J.},
  title = {Robotic motion planning in dynamic, cluttered, uncertain environments},
  booktitle = {{IEEE} Proc. Int. Conf. on Robotic and Automation ({ICRA})},
  year = {2010},
  owner = {Administrator},
  timestamp = {2012.06.29}
}

@INPROCEEDINGS{bib:ekvall_2004,
  author = {Ekvall, S. and Kragic, D.},
  title = {Interactive grasp learning based on humain demonstration},
  booktitle = {{IEEE} Proc. Int. Conf. on Robotics and Automation},
  year = {2004},
  owner = {Memnone},
  timestamp = {2015.03.31}
}

@INPROCEEDINGS{bib:erez_2010,
  author = {Erez, T. and Smart, W.},
  title = {A scalable method for solving high-dimentional continuous POMDPs
	using local approximation},
  booktitle = {Proc. Int. Conf. on Uncertainty in Artificial Intelligence},
  year = {2010},
  owner = {Administrator},
  timestamp = {2012.06.29}
}

@INPROCEEDINGS{bib:ferrari_1992,
  author = {C. Ferrari and J. Canny},
  title = {Planning optimal grasps},
  booktitle = {{IEEE} Proc. Int. Conf. on Robotics and Automation},
  year = {1992},
  owner = {Memnone},
  timestamp = {2013.07.11}
}

@INPROCEEDINGS{bib:game,
  author = {Finnson, H. and Biornsson, Y.},
  title = {Simulation-based approach to general game playing},
  booktitle = {23rd Conf. on Artificial Intelligence},
  year = {2008},
  owner = {Administrator},
  timestamp = {2011.12.21}
}

@INPROCEEDINGS{bib:fischer_1998,
  author = {Fischer, M. and Van der Smagt, P. and Hirzinger, G.},
  title = {Learning techniques in a dataglove based telemanipulation system
	for the DLR Hand},
  booktitle = {{IEEE} Proc. Int. Conf. on Robotics and Automation},
  year = {1998},
  owner = {Memnone},
  timestamp = {2015.03.31}
}

@INPROCEEDINGS{bib:fuchs_2009,
  author = {Fuchs, M. and Borst, C. and Giordano, P. R. and Baumann, A. and E.
	Kramer, J. L. and Gruber, R. and Seitz, N. and Plank, G. and Kunze,
	K. and R. Burger, F. S. and Wimboeck, T. and Hirzinger, G.},
  title = {Rollin justin - design considerations and realization of a mobile
	platform for a humanoid upper body},
  booktitle = {{IEEE} Proc. Int. Conf. on Robotic and Automation ({ICRA})},
  year = {2009},
  owner = {Memnone},
  timestamp = {2015.07.02}
}

@INPROCEEDINGS{bib:fulgenzi,
  author = {C. Fulgenzi and A. Spalanzani and C. Laugier},
  title = {Probabilistic Rapidly-exploring Random Trees for autonomous navigation
	among moving obstacles},
  booktitle = {{IEEE} Proc. Workshop on Safe Navigation, Int. Conf. on Robotic and
	Automation ({ICRA})},
  year = {2009},
  owner = {Administrator},
  timestamp = {2011.07.18}
}

@INPROCEEDINGS{bib:utc,
  author = {S. Gelly and D. Silver},
  title = {Combine Online and Offline Learning in UTC},
  booktitle = {17th Int. Conf. on Machine Learning},
  year = {2007},
  owner = {Administrator},
  timestamp = {2011.07.18}
}

@INPROCEEDINGS{bib:geraerts_2002,
  author = {R. Geraerts and M.H. Overmars},
  title = {A Comparative Study of Probabilistic Roadmap Planners},
  booktitle = {Workshop on the Algorithmic Foundations of Robotics},
  year = {2002},
  owner = {Administrator},
  timestamp = {2011.07.18}
}

@ARTICLE{bib:gianniccini_2014,
  author = {Gianniccini, M. E. and Georgillas, I. and Horsfield, I. and Peiris,
	B. H. P. M. and Lenz, A. and Pipe, A. G. and Dogramadzi, S.},
  title = {A variable compliance, soft gripper},
  journal = {Autonomous Robots},
  year = {2014},
  volume = {36},
  pages = {93-107},
  owner = {Memnone},
  timestamp = {2015.01.06}
}

@INPROCEEDINGS{bib:goldberg_1990,
  author = {Goldberg, K.Y. and Mason, M.T.},
  title = {Bayesian Grasping},
  booktitle = {{IEEE} Proc. Int. Conf. on Robotic and Automation ({ICRA})},
  year = {1990},
  owner = {Memnone},
  timestamp = {2015.04.13}
}

@INPROCEEDINGS{bib:gorges_icra_2010,
  author = {Gorges, N. and Navarro, S.E. and Goger, D. and W{\"o}rn, H.},
  title = {Haptic Object Recognition using Passive Joints and Haptic Key Features},
  booktitle = {{IEEE} Proc. Int. Conf. on Robotic and Automation ({ICRA})},
  year = {2010},
  owner = {Memnone},
  timestamp = {2014.09.30}
}

@PHDTHESIS{bib:grebenstein_2012,
  author = {Grebenstein, M.},
  title = {Approaching Human Performance - The Functionality Driven Awiwi Robot
	Hand},
  school = {ETH Z{\"u}rich},
  year = {2012},
  owner = {Memnone},
  timestamp = {2015.01.06}
}

@INPROCEEDINGS{bib:grioli_2012,
  author = {Grioli, G. and Catalano, M. and Silvestro, E. and Tono, S. and Bicchi,
	A.},
  title = {Adaptive synergies: an approach to the design of under-actuated robotic
	hands},
  booktitle = {{IEEE/RSJ} Proc. Int. Conf. on Intelligent Robots and Systems {IROS}},
  year = {2012},
  owner = {Memnone},
  timestamp = {2015.01.06}
}

@INPROCEEDINGS{bib:hauser_icml_2011,
  author = {Hauser, K.},
  title = {Online Planning in Continuous POMDPs with Open-Loop Information-Gathering
	Plans},
  booktitle = {Proc. of the Int. Conf. on Machine Learning ({ICML})},
  year = {2011},
  owner = {Administrator},
  timestamp = {2011.10.30}
}

@INPROCEEDINGS{bib:hauser_wafr_2010,
  author = {Hauser, K.},
  title = {Randomized Belief-Space Replanning in Partially-Observable Continuous
	Spaces},
  booktitle = {Proc. of the Workshop on the Algorithmic Foundations of Robotics
	({WAFR})},
  year = {2010},
  owner = {Administrator},
  timestamp = {2011.10.30}
}

@INPROCEEDINGS{bib:uli_2010,
  author = {U. Hillenbrand},
  title = {Non-parametric 3D shape warping},
  booktitle = {Proc. Int. Conf. on Pattern Recognition},
  year = {2010},
  owner = {Memnone},
  timestamp = {2013.03.22}
}

@INPROCEEDINGS{bib:hillenbrand_2008,
  author = {Hillenbrand, U.},
  title = {Pose clustering from stereo data},
  booktitle = {VISAPP Int. Workshop on Robotic Perception},
  year = {2008},
  owner = {Memnone},
  timestamp = {2015.03.13}
}

@INPROCEEDINGS{bib:uli_cviu_2011,
  author = {Hillenbrand, U. and Fuchs, A.},
  title = {An experimental study of four variants of pose clustering from dense
	range data},
  booktitle = {Computer Vision and Image Understanding},
  year = {2011},
  owner = {Memnone},
  timestamp = {2013.04.17}
}

@ARTICLE{bib:hirose_1978,
  author = {Hirose, S. and Umetani, Y.},
  title = {The development of soft gripper for the versatile robot hand},
  journal = {Mechanism and Machine Theory},
  year = {1978},
  volume = {13(3)},
  pages = {351-359},
  owner = {Memnone},
  timestamp = {2015.01.06}
}

@PHDTHESIS{bib:hsiao_thesis,
  author = {Hsiao, K.},
  title = {Relatively Robust Grasping},
  school = {MIT},
  year = {2009},
  owner = {Administrator},
  timestamp = {2011.10.29}
}

@CONFERENCE{bib:hsiao_icraw_2011,
  author = {Hsiao, K. and Ciocarlie, M and Brook, P.},
  title = {Bayesian grasp planning},
  booktitle = {{IEEE} Proc. Workshop on Mobile Manipulation: Integrating Perception
	and Manipulation, Int. Conf. on Robotic and Automation ({ICRA})},
  year = {2011},
  owner = {Memnone},
  timestamp = {2014.10.04}
}

@INPROCEEDINGS{bib:hsiao_rss_2010,
  author = {Hsiao, K. and Kaelbling, L.},
  title = {Task-Driven Tactile Exploration},
  booktitle = {{IEEE} Proc. of Robotics: Science and Systems ({RSS})},
  year = {2010},
  owner = {Administrator},
  timestamp = {2011.10.29}
}

@INPROCEEDINGS{bib:hsiao_icra_2007,
  author = {K. Hsiao and L.P. Kaelbling and T. Lozano-Perez},
  title = {Grasping POMDPs},
  booktitle = {{IEEE} Proc. Int. Conf. on Robotic and Automation ({ICRA})},
  year = {2007},
  owner = {Administrator},
  timestamp = {2011.03.23}
}

@INPROCEEDINGS{bib:hsiao_ar_2011,
  author = {Hsiao, K. and Kaelbling, L. P. and Lozano-Perez, T.},
  title = {Robust Grasping Under Object Pose Uncertainty},
  booktitle = {Autonomous Robots},
  year = {2011},
  number = {31},
  series = {(2-3)},
  pages = {253-268},
  owner = {Memnone},
  timestamp = {2013.07.15}
}

@INPROCEEDINGS{bib:hsiao_icra_2009,
  author = {Hsiao, K. and Nangeroni, P and Huber, M. and Saxena, A. and Ng},
  title = {Reactive grasping using optical proximity sensors},
  booktitle = {{IEEE} Proc. Int. Conf. on Robotic and Automation ({ICRA})},
  year = {2009},
  owner = {Administrator},
  timestamp = {2011.12.20}
}

@BOOK{bib:jacobson_book_1970,
  title = {Differential dynamic programming},
  publisher = {Elsevier},
  year = {1970},
  author = {Jacobson, D. and Mayne, D.},
  owner = {Administrator},
  timestamp = {2012.06.29}
}

@INPROCEEDINGS{bib:jeannerod_1981,
  author = {Jeannerod, M.},
  title = {Intersegmental coordination during reaching at natural visual objects},
  booktitle = {Attention and Performance {IX}},
  year = {1981},
  owner = {Memnone},
  timestamp = {2015.01.04}
}

@INCOLLECTION{bib:jeannerod_1982,
  author = {Jeannerod, M. and Biguer, B.},
  title = {Visuomotor mechanisms in reaching wiwith extrapersonal space},
  booktitle = {Advances in the Analysis of Visual Behaviour},
  publisher = {MIT},
  year = {1982},
  pages = {387-409},
  journal = {Advances in the Analysis of Visual Behaviour},
  owner = {Memnone},
  timestamp = {2015.01.04}
}

@ARTICLE{bib:kording_2006,
  author = {K{\"o}rding, K. P. and Wolpert, D. M.},
  title = {Bayesian decision theory in sensorimotor control},
  journal = {Trends Cogn Sci},
  year = {2006},
  volume = {10},
  pages = {319-326},
  owner = {Memnone},
  timestamp = {2014.10.01}
}

@ARTICLE{bib:kording_2004,
  author = {K{\"o}rding, K. P. and Wolpert, D. M.},
  title = {Probabilistic Inference in Human Sensorimotor Processing},
  journal = {Journal of Neurophysiology},
  year = {2004},
  volume = {92},
  pages = {3161-3165},
  booktitle = {NIPS},
  owner = {Memnone},
  timestamp = {2015.01.05}
}

@ARTICLE{bib:pomdp,
  author = {L.P. Kaelbling and M. L. Littman and A.R. Cassandra},
  title = {Planning and Acting in Partially Observable Stochastic Domains},
  journal = {Atificial Intelligence},
  year = {1998},
  volume = {101},
  pages = {99-134},
  owner = {Administrator},
  timestamp = {2011.03.17}
}

@INPROCEEDINGS{bib:kavraki_1996,
  author = {L.E. Kavraki and P. Svestka},
  title = {Probabilistic roadmaps for path planning in high-dimensional configuration
	spaces},
  booktitle = {{IEEE} Trans. on Robotics and Automation},
  year = {1996},
  owner = {Administrator},
  timestamp = {2011.03.23}
}

@INPROCEEDINGS{bib:bandits,
  author = {L. Kocsis and C. Szepesvari},
  title = {Bandit based Monte-Carlo Planning},
  booktitle = {15th European Conf. on Machine Learning},
  year = {2006},
  owner = {Administrator},
  timestamp = {2011.07.18}
}

@PHDTHESIS{bib:kopicki_2010,
  author = {Kopicki, M.},
  title = {Prediction learning in robotic manipulation},
  school = {University of Birmingham},
  year = {2010},
  owner = {Administrator},
  timestamp = {2011.12.14}
}

@ARTICLE{bib:kopicki_2015,
  author = {Kopicki, M. and Detry, R. and Adjigble, M. and Stolkin, R. and Leonardis,
	A. and Wyatt, J.L.},
  title = {One shot learning and generation of dexterous grasps for novel objects},
  journal = {The International Journal of Robotics Research},
  year = {2015},
  owner = {Memnone},
  timestamp = {2015.06.07}
}

@INPROCEEDINGS{bib:kopicki_2014,
  author = {Kopicki, M. and Detry, R. and Schmidt, F. and Borst, C. and Stolkin,
	R. and Wyatt, J.},
  title = {Learning Dexterous Grasps That Generalise To Novel Objects By Combining
	Hand And Contact Models},
  booktitle = {{IEEE} Proc. Int. Conf. on Robotic and Automation ({ICRA})},
  year = {2014},
  journal = {EEE International Conference on Robotics and Automation},
  owner = {Memnone},
  timestamp = {2015.02.27}
}

@INPROCEEDINGS{bib:marek_rss_workshop_2010,
  author = {Kopicki, M. and Stolkin, R. and Zurek, S. and Morwald, T. and Wyatt,
	L. J.},
  title = {Predicting workpiece motions under pushing manipulations using the
	principle of minimum energy},
  booktitle = {{IEEE} Proc. of Robotics: Science and Systems ({RSS}), Workshop},
  year = {2010},
  owner = {Administrator},
  timestamp = {2012.07.06}
}

@INPROCEEDINGS{kopicki_icra_2011,
  author = {M. Kopicki and S. Zurek and R. Stolkin and T. Morwald and J. Wyatt},
  title = {Learning to predict how rigid objects behave under simple manipulation},
  booktitle = {{IEEE} Proc. Int. Conf. on Robotic and Automation ({ICRA})},
  year = {2011},
  address = {Shanghai},
  month = May,
  owner = {Administrator},
  timestamp = {2012.07.07}
}

@ARTICLE{bib:visualservo,
  author = {Kragic, D. and Christensen, H.I.},
  title = {Survey on visual servoing for manipulation},
  journal = {IEEE Trans. on Robotics and Automation},
  year = {1999},
  volume = {15},
  pages = {238-250},
  owner = {Administrator},
  timestamp = {2011.12.20}
}

@INPROCEEDINGS{bib:sarsop,
  author = {H. Kurniawati and D. Hsu and W.S. Lee},
  title = {Sarsop: Efficient point-based pomdp planning by approximating optimally
	reachable belief spaces},
  booktitle = {{IEEE} Proc. of Robotics: Science and Systems ({RSS})},
  year = {2008},
  owner = {Administrator},
  timestamp = {2011.07.18}
}

@INPROCEEDINGS{bib:kyota_2005,
  author = {Kyota, F. and Watabe, T. and Saito, S. and Nakajima, M.},
  title = {Detection and evaluation of grasping positions for autonomous agents},
  booktitle = {Int. Conf. on Cyberworlds},
  year = {2005},
  owner = {Memnone},
  timestamp = {2015.03.31}
}

@ARTICLE{bib:landy_2012,
  author = {Landy, M. S. and Wolpert, D. M.},
  title = {Motor control is decision-making},
  journal = {Current Opinions in Neurobiology},
  year = {1012},
  volume = {22},
  pages = {1-8},
  owner = {Memnone},
  timestamp = {2015.01.05}
}

@BOOK{bib:lavalle_2006,
  title = {Planning Algorithms},
  publisher = {Cambridge University Press},
  year = {2006},
  author = {S. M. LaValle},
  owner = {Administrator},
  timestamp = {2011.03.14}
}

@INCOLLECTION{bib:lavalle_2001,
  author = {LaValle, S. M.},
  title = {Rapidly-exploring random trees: Progress and prospects},
  booktitle = {Algorithmic and computational robotics: new directions: the fourth
	Workshop on the Algorithmic Foundations of Robotics},
  publisher = {AK Peters, Ltd.},
  year = {2001},
  pages = {293},
  journal = {Algorithmic and computational robotics: new directions: the fourth
	Workshop on the Algorithmic Foundations of Robotics},
  owner = {Memnone},
  timestamp = {2015.01.11}
}

@TECHREPORT{bib:lavalle_1998,
  author = {S. M. LaValle},
  title = {Rapidly-exploring random trees: A new tool for path planning},
  institution = {Computer Science Dept, Iowa State University},
  year = {1998},
  owner = {Administrator},
  timestamp = {2011.03.16}
}

@ARTICLE{bib:lepora_2012,
  author = {Lepora, N.F. and Gurney, K.},
  title = {The basal ganglia optimize decision making over general perceptual
	hypotheses},
  journal = {Neural Computation},
  year = {2012},
  volume = {24},
  owner = {Memnone},
  timestamp = {2015.07.17}
}

@INPROCEEDINGS{bib:lepora_2013,
  author = {Lepora, N.F. and Martinez-Hernandez, U. and Prescott, T.},
  title = {Active Bayesian perception for simultaneous object localization and
	identification},
  booktitle = {{IEEE} Proc. of Robotics: Science and Systems ({RSS})},
  year = {2013},
  owner = {Memnone},
  timestamp = {2015.07.17}
}

@PHDTHESIS{bib:littman,
  author = {M.L. Littman},
  title = {Algorithms for Sequential Decision Marking},
  school = {Department of Computer Science, Brown University},
  year = {1996},
  owner = {Administrator},
  timestamp = {2011.03.23}
}

@INPROCEEDINGS{bib:scalingup,
  author = {M.L. Littman and A.R. Cassandra and L.P. Kaelbling},
  title = {Learning Policies for Partially Observable Environments: Scaling
	Up},
  booktitle = {12th Int. Conf. on Machine Learning},
  year = {1995},
  owner = {Administrator},
  timestamp = {2011.07.18}
}

@INPROCEEDINGS{lynch_mechanics_1992,
  author = {Kevin Lynch},
  title = {The Mechanics of Fine Manipulation by Pushing},
  booktitle = {{IEEE} Proc. Int. Conf. on Robotic and Automation ({ICRA})},
  year = {1992},
  pages = {2269--2276},
  owner = {Administrator},
  timestamp = {2012.07.07}
}

@INPROCEEDINGS{bib:moerwald_icra_2011,
  author = {T. M{\"o}rwald and M. Kopicki and R. Stolkin and J. Wyatt and S.
	Zurek and M. Zillich and M. Vincze},
  title = {Predicting the unobservable: 3D tracking taking advantage of probabilistic
	prediction},
  booktitle = {{IEEE} Proc. Int. Conf. on Robotic and Automation ({ICRA})},
  year = {2011},
  owner = {Administrator},
  timestamp = {2012.07.07}
}

@INPROCEEDINGS{bib:madani,
  author = {O. Madani and S. Hanks and A. Condon},
  title = {On the Undecibility of Probabilistic Planning and Infinite-horizon
	Partially Observable Markov Decision Problem},
  booktitle = {16th AAAI-99},
  year = {1999},
  owner = {Administrator},
  timestamp = {2011.07.19}
}

@ARTICLE{bib:marteniuk_1990,
  author = {Marteniuk, R. G. and Leavitt, J. L. and MacKenzier, C. L. and Athenes,
	S.},
  title = {Functspace relationships between grasp and transport components in
	a prehension Task},
  journal = {{H}um {M}ove {S}ci},
  year = {1990},
  volume = {9},
  pages = {149-176},
  owner = {Memnone},
  timestamp = {2015.01.05}
}

@PHDTHESIS{bib:masonthesis,
  author = {M. Mason},
  title = {Manipulator grasping and pushing operations},
  school = {Massachusetts Institute of Tecnology},
  year = {1982},
  owner = {Administrator},
  timestamp = {2011.03.25}
}

@BOOK{bib:mason,
  title = {Mechanics of Robotic Manipulation},
  publisher = {MIT Press},
  year = {2001},
  author = {Matthew T. Mason},
  owner = {Administrator},
  timestamp = {2011.02.22}
}

@BOOK{mason_mechanics_2001,
  title = {Mechanics of robotic manipulation},
  publisher = {{MIT} press},
  year = {2001},
  author = {M. T. Mason},
  owner = {Administrator},
  timestamp = {2012.07.07}
}

@PHDTHESIS{mason_manipulator_1982,
  author = {M. T. Mason},
  title = {Manipulator grasping and pushing operations},
  school = {{MIT}},
  year = {1982},
  type = {{PhD} Thesis},
  owner = {Administrator},
  timestamp = {2012.07.07}
}

@INPROCEEDINGS{bib:electric,
  author = {Mayton, B. and Garcia, E. and LeGrand, L. and Smith, J.R.},
  title = {Electric field pretouch: towards mobile manipulation},
  booktitle = {{IEEE} Proc. of Workshop on Mobile Manipulation in Human Environments
	({RSS})},
  year = {2009},
  owner = {Administrator},
  timestamp = {2011.12.20}
}

@INPROCEEDINGS{bib:melchior,
  author = {N.A. Melchior and R. Simmons},
  title = {Particle {RRT} for Path Planning with Uncertainty},
  booktitle = {{IEEE} Proc. Int. Conf. on Robotic and Automation ({ICRA})},
  year = {2007},
  owner = {Administrator},
  timestamp = {2011.03.21}
}

@ARTICLE{bib:mericli_2014,
  author = {Meri\c{c}li, T. and Veloso, M. and Akin, H.L},
  title = {Push-Manipulation of Complex Passive Mobile Objects using Experimentally
	Acquired Motion Models},
  journal = {Autonomous Robots},
  year = {2014},
  pages = {1-13},
  owner = {Memnone},
  timestamp = {2015.08.05}
}

@INPROCEEDINGS{bib:mishra_1995,
  author = {Mishra, B.},
  title = {Grasp metrics: optimality and complexity},
  booktitle = {First Workshop on Algorithmic Foundations of Robotics, {WAFR}},
  year = {1995},
  owner = {Memnone},
  timestamp = {2015.03.16}
}

@ARTICLE{bib:prescott_2011,
  author = {Mitchinson, B. and Grant, R.A. and Arkley, K. and Rankov, V. and
	Perkon, I. and Prescott, T.J.},
  title = {Active vibrissal sensing in rodents and marsupials},
  journal = {Philos Trans R Soc Lond B Biol Sci},
  year = {2011},
  volume = {366},
  pages = {3037-3048},
  owner = {Memnone},
  timestamp = {2015.07.17}
}

@ARTICLE{bib:muja_2014,
  author = {Muja, M. and Lowe, D.G.},
  title = {Scalable Nearest Neighbor Algorithms for High Dimensional Data},
  journal = {{P}attern {A}nalysis and {M}achine {I}ntelligence (PAMI)},
  year = {2014},
  volume = {36},
  pages = {2227-2240},
  owner = {Memnone},
  timestamp = {2015.02.18}
}

@BOOK{bib:murray,
  title = {A Mathematical Introduction to Robotic Manipulation},
  publisher = {CRC Press},
  year = {1994},
  author = {Richard M. Murray and Zexiang Li and S. Shankar Sastry},
  owner = {Administrator},
  timestamp = {2011.02.22}
}

@ARTICLE{bib:napier_1956,
  author = {Napier, J. R.},
  title = {The prehensile movements of the human hand},
  journal = {{j} {B}one {J}oint {S}urg},
  year = {1956},
  volume = {38B},
  pages = {902-913},
  booktitle = {Journal of Bone and Joint Surgery},
  owner = {Memnone},
  timestamp = {2015.01.04}
}

@MISC{neuronics_ag_katana_2004,
  author = {{Neuronics AG}},
  title = {Katana User Manual and Technical Description},
  year = {2004},
  owner = {Memnone},
  timestamp = {2014.11.01}
}

@ARTICLE{bib:nikandrova_2014,
  author = {Nikandrova, E. and Laaksonen, J. and Kyrki, V.},
  title = {Towards informative sensor-based grasp planning},
  journal = {{R}obotics and {A}utonomous {S}ystems},
  year = {2013},
  pages = {340-354},
  booktitle = {{R}obotics and {A}utonomous {S}ystem. {RAS}},
  owner = {Memnone},
  timestamp = {2015.02.18}
}

@BOOK{bib:book_nowak_2009,
  title = {Sensorimotor Control of Grasping Physiology and Pathophysiology},
  publisher = {Cambridge University Press},
  year = {2009},
  author = {Novak, D. A. and Hermsd{\"o}rfer, J.},
  owner = {Memnone},
  timestamp = {2015.01.04}
}

@INPROCEEDINGS{bib:papadimitriou,
  author = {C. Papadimitriou and J.N. Tsitsiklis},
  title = {The Complexity of Markovian Decision Processes},
  booktitle = {Mathematics of Operations Research},
  year = {1987},
  owner = {Administrator},
  timestamp = {2011.07.19}
}

@INPROCEEDINGS{bib:pelossof_2004,
  author = {Pelossof, R. and Miller, A. and Allen, P. and Jebara, T.},
  title = {An SVM learning approach to robotic grasping},
  booktitle = {{IEEE} Proc. Int. Conf. on Robotics and Automation},
  year = {2004},
  owner = {Memnone},
  timestamp = {2015.03.31}
}

@ARTICLE{bib:peshkin_motion_1988,
  author = {M. A. Peshkin and A. C. Sanderson},
  title = {The motion of a pushed, sliding workpiece},
  journal = {{IEEE} Journal on Robotics and Automation},
  year = {1988},
  volume = {4},
  pages = {569-598},
  owner = {Administrator},
  timestamp = {2012.07.07}
}

@ARTICLE{peshkin_motion_1988,
  author = {M. A. Peshkin and A. C. Sanderson},
  title = {The motion of a pushed, sliding workpiece},
  journal = {{IEEE} Journal on Robotics and Automation},
  year = {1988},
  volume = {4},
  pages = {569--598},
  owner = {Memnone},
  timestamp = {2014.11.01}
}

@ARTICLE{bib:petrovskaya_trans_2011,
  author = {Petrovskaya, A. and Khatib, O.},
  title = {Global localization of objects via touch},
  journal = {{IEEE} Trans. on Robotics},
  year = {2011},
  volume = {27},
  pages = {569-585},
  number = {3},
  owner = {Memnone},
  timestamp = {2014.10.01}
}

@INPROCEEDINGS{bib:petrovskaya_icra_2006,
  author = {Petrovskaya, A. and Khatib, O. and Thrun, S. and Ng, A.Y.},
  title = {Bayesian Estimation for Autonomous Object Manipulation Based on Tactile
	Sensors},
  booktitle = {{IEEE} Proc. Int. Conf. on Robotic and Automation ({ICRA})},
  year = {2006},
  owner = {Administrator},
  timestamp = {2011.10.30}
}

@INPROCEEDINGS{bib:petrovskaya_jcrai_2007,
  author = {Petrovskaya, A. and Ng, A.},
  title = {Probabilistic Mobile Manipulation in Dynamic Environments with Application
	to Opening Doors},
  booktitle = {JCRAI},
  year = {2007},
  owner = {Administrator},
  timestamp = {2011.10.30}
}

@ARTICLE{bib:pineau_2006,
  author = {Pineau, J. and Gordon, G. and Thrun, S.},
  title = {Anytime point-based approximations for large POMDPs},
  journal = {Journal of Artificial Intelligence Research},
  year = {2006},
  volume = {27},
  pages = {335-380},
  owner = {Memnone},
  timestamp = {2015.07.13}
}

@TECHREPORT{bib:platt_csail_2011,
  author = {Platt, R. and Kaelbling, L. and Lozano-Perez, T. and Tadrake, R.},
  title = {Simultanious localization and grasping as a belief space control
	problem},
  institution = {CSAIL, MIT},
  year = {2001},
  owner = {Administrator},
  timestamp = {2011.11.18}
}

@INPROCEEDINGS{bib:platt_icra_2012,
  author = {Platt, R. and Kaelbling, L. and Lozano-Perez, T. and Tedrake, R.},
  title = {Non-Gaussian Belief Space Planning: Correctness and Complexity},
  booktitle = {{IEEE} Proc. Int. Conf. on Robotic and Automation ({ICRA})},
  year = {2012},
  owner = {Memnone},
  timestamp = {2013.07.12}
}

@INPROCEEDINGS{bib:platt_isrr_2011,
  author = {Platt, R. and Kaelbling, L. and Lozano-Perez, T. and Tedrake, R},
  title = {Efficient planning in non-Gaussian belief spaces and its application
	to robot grasping},
  booktitle = {Proc. of the Int. Symposium on Robotics Research},
  year = {2011},
  owner = {Memnone},
  timestamp = {2014.10.01}
}

@INPROCEEDINGS{bib:platt_rss_2010,
  author = {Platt, R. and Tedrake, R. and Kaelbling, L. and Lozano-Perez, T.},
  title = {Belief space planning assuming maximum likelihood observations},
  booktitle = {{IEEE} Proc. of Robotics: Science and Systems ({RSS})},
  year = {2010},
  owner = {Administrator},
  timestamp = {2012.06.29}
}

@INPROCEEDINGS{bib:pratt_1990,
  author = {Pratt, G. A. and Williamson, M. M.},
  title = {Series elastic actuators},
  booktitle = {{IEEE} Proc. Intelligent Robots and Systems ({IROS})},
  year = {1990},
  owner = {Memnone},
  timestamp = {2015.01.07}
}

@INPROCEEDINGS{bib:prentice_2008,
  author = {Prentice, S. and Roy, N.},
  title = {The belief roadmap: Efficient planning in linear POMDPs by factoring
	the covariance},
  booktitle = {12th Int. Symposium of Robotics Research},
  year = {2008},
  owner = {Administrator},
  timestamp = {2012.06.29}
}

@BOOK{bib:puternam_1994,
  title = {Markov Decision Processes. Discrete Stochastic Dynamic Programming},
  publisher = {John Wiley \& son},
  year = {1994},
  author = {Puterman, M.L.},
  owner = {Memnone},
  timestamp = {2015.06.03}
}

@ARTICLE{bib:reif_1979,
  author = {Reif, J. H.},
  title = {Complexity of the mover's problem and generalizations},
  journal = {Foundation of Computer Science},
  year = {1979},
  pages = {421-427},
  booktitle = {Foundation of Computer Science},
  owner = {Memnone},
  timestamp = {2015.01.08}
}

@TECHREPORT{bib:rosen_2008,
  author = {Rosen, D. and Kuffner, J.},
  title = {OpenRAVE: A Planning Architecture for Autonomous Robotics},
  institution = {Robotics Institute, Carnegie Mellon University},
  year = {2008},
  number = {CMU-RI-TR-08-34},
  owner = {Memnone},
  timestamp = {2013.07.13}
}

@ARTICLE{bib:pineau,
  author = {S. Ross and J. Pineau and S. Paquet and B. Chaib-draa},
  title = {Online Planning Algorithms for POMDPs},
  journal = {Artificial Intelligence Research},
  year = {2008},
  volume = {32},
  pages = {663-704},
  owner = {Administrator},
  timestamp = {2011.07.18}
}

@INPROCEEDINGS{bib:russel_2000,
  author = {Russell, R. A.},
  title = {Object recognition by a smart tactile sensor},
  booktitle = {In Proc. of the Australian Conf. on Robotics and Automation},
  year = {2000},
  owner = {Memnone},
  timestamp = {2014.09.30}
}

@ARTICLE{bib:sahbani_2012,
  author = {Sahbani, A. and El-Khouryc, S. and Bidauda, P.},
  title = {An overview of 3D object grasp synthesis algorithms},
  journal = {Robotics and Autonomous Systems},
  year = {2012},
  volume = {60},
  pages = {326-336},
  number = {3},
  owner = {Memnone},
  timestamp = {2015.03.14}
}

@PHDTHESIS{bib:fca,
  author = {Salisbury, J.K. Jr.},
  title = {Kinematic and Force Analysis of Articulated Hands},
  school = {Stanford University},
  year = {1982},
  owner = {Administrator},
  timestamp = {2011.12.12}
}

@ARTICLE{bib:saxena_2008,
  author = {Saxena, A. and Driemeyer, J. and Kearns, J. and Ng, A.Y.},
  title = {Robotic grasping of novel objects using vision},
  journal = {Int. Journal of Robotics Research},
  year = {2008},
  volume = {27},
  pages = {157-173},
  number = {2},
  owner = {Memnone},
  timestamp = {2015.03.31}
}

@TECHREPORT{bib:shadow_2003,
  author = {ShadowRobotCompany},
  title = {Design of a dextrous hand for advanced
	
	CLAWAR applications},
  institution = {Shadow Robot Company},
  year = {2003},
  owner = {Memnone},
  timestamp = {2015.01.07}
}

@ARTICLE{bib:shimoga_1996,
  author = {Shimoga, K. B.},
  title = {Robot grasp synthesis algorithms: A survey},
  journal = {Int. J. Robotics Research},
  year = {1996},
  volume = {15},
  pages = {230-266},
  number = {3},
  owner = {Memnone},
  timestamp = {2015.03.16}
}

@BOOK{bib:siciliano_2008,
  title = {Springer handhand of robotics},
  publisher = {Springer},
  year = {2008},
  author = {Siciliano, B. and Khatib, O.},
  owner = {Memnone},
  timestamp = {2015.01.08}
}

@INPROCEEDINGS{bib:silver,
  author = {D. Silver and J. Veness},
  title = {Monte-Carlo Planning in Large POMDPs},
  booktitle = {NIPS},
  year = {2010},
  owner = {Administrator},
  timestamp = {2011.07.18}
}

@INPROCEEDINGS{bib:sloman_2006,
  author = {Aaron Sloman},
  title = {{Polyflaps as a domain for perceiving, acting and learning in a 3-D
	world}},
  booktitle = {{Position Papers for 2006 AAAI Fellows Symposium}},
  year = {2006},
  address = {Menlo Park, CA},
  owner = {Administrator},
  timestamp = {2012.07.07},
  url = {http://www.aaai.org/Fellows/fellows.php and http://www.aaai.org/Fellows/Papers/Fellows16.pdf}
}

@INPROCEEDINGS{bib:smallwood,
  author = {R.D. Smallwood and E.J. Sondik},
  title = {The Optimal Control of Partial Observable Markov Processes over a
	Finite Horizon},
  booktitle = {Operation Research},
  year = {1973},
  owner = {Administrator},
  timestamp = {2011.07.19}
}

@INPROCEEDINGS{bib:sondik78,
  author = {E.J. Sondik},
  title = {The Optimal Control of Partially Observable Markov Processes over
	the infinite horizon: Discouonted Cost},
  booktitle = {Operation Research},
  year = {1978},
  owner = {Administrator},
  timestamp = {2011.07.19}
}

@ARTICLE{bib:spaan_perseus,
  author = {Spaan, M.T.J. and Vlassis, N.},
  title = {{P}erseus: randomized point-based value iteration for {POMDP}s},
  journal = {Journal of Artificial Intelligence Research},
  year = {2005},
  volume = {24},
  pages = {195-220},
  owner = {Administrator},
  timestamp = {2011.10.29}
}

@TECHREPORT{bib:roa_2006,
  author = {Suarez, R. and Roa, M. A. and Cornella, J.},
  title = {Grasp quality measures},
  institution = {Technical University of Catalunya (UPC)},
  year = {2006},
  number = {IOC-DT-P-2006-10},
  owner = {Memnone},
  timestamp = {2013.07.11}
}

@INPROCEEDINGS{bib:thrun,
  author = {S. Thrun},
  title = {Monte {C}arlo {POMDP}s},
  booktitle = {Advances in Neural Information Processing Systems 12},
  year = {2000},
  pages = {1064--1070},
  publisher = {MIT Press},
  owner = {Administrator},
  timestamp = {2011.03.16}
}

@BOOK{bib:probabilisticrobotics,
  title = {Probabilistic Robotics},
  publisher = {MIT Press},
  year = {2005},
  author = {S. Thrun and W. Burgard and D. Fox},
  owner = {Administrator},
  timestamp = {2011.07.25}
}

@INPROCEEDINGS{bib:toussaint,
  author = {M. Toussaint and N. Plath and T. Lang and N. Jetchev},
  title = {Integrated motor control, planning, grasping and high-level reasoning
	in a blocks world using probabilistic inference},
  booktitle = {{IEEE} Proc. Int. Conf. on Robotic and Automation ({ICRA})},
  year = {2010},
  owner = {Administrator},
  timestamp = {2011.07.18}
}

@INCOLLECTION{bib:em,
  author = {M. Toussaint and A. Storkey and S. Harmeling.},
  title = {Expectation-Maximization methods for solving (PO)MDPs and optimal
	control problems},
  booktitle = {Bayesian Time Series Models},
  publisher = {Cambridge University Press},
  year = {2011},
  owner = {Administrator},
  timestamp = {2011.07.18}
}

@INPROCEEDINGS{bib:tuzel_2005,
  author = {Tuzel, O. and Subbarao, R. and Meer, P.},
  title = {Simultaneous multiple 3D motion estimation via mode finding on Lie
	groups},
  booktitle = {Int. Conf. Computer Vision},
  year = {2005},
  owner = {Memnone},
  timestamp = {2015.03.13}
}

@INPROCEEDINGS{bib:urmson_2003,
  author = {Urmson, C. and Simmons, R.},
  title = {Approaches for heuristically biasing RRT growth},
  booktitle = {{IEEE/RSJ} Int. Conf. on Intelligent Robots and Systems ({IROS})},
  year = {2003},
  owner = {Memnone},
  timestamp = {2015.01.11}
}

@INPROCEEDINGS{bib:berg_rss_2010,
  author = {Van der Berg, J. and Abbeel, P. and Goldberg, K.},
  title = {{LQR-MP}: Optimaized path plannner for robots with motion uncertainty
	and imperfect state information},
  booktitle = {{IEEE} Proc. of Robotics: Science and Systems ({RSS})},
  year = {2010},
  owner = {Administrator},
  timestamp = {2012.06.29}
}

@INPROCEEDINGS{bib:weisz_icra_2012,
  author = {Weisz, J. and Allen, P.},
  title = {Pose error robust grasping from contact wrench space metrics},
  booktitle = {{IEEE} Proc. Int. Conf. on Robotic and Automation ({ICRA})},
  year = {2012},
  owner = {Memnone},
  timestamp = {2014.10.04}
}

@INPROCEEDINGS{bib:wilmarth_1999,
  author = {Wilmarth, S. A. and Amato, N. M. and Stiller, P. F.},
  title = {MAPRM: a probabilistic roadmap planner with sampling on the medialaxis
	of the free space},
  booktitle = {{IEEE} Proc. Int. Conf. on Robotic and Automation ({ICRA}) ({ICRA}},
  year = {1999},
  owner = {Memnone},
  timestamp = {2015.01.11}
}

@PHDTHESIS{bib:jeremy,
  author = {J.L. Wyatt},
  title = {Exploration and Inference in Learning from Reinforcement},
  school = {University of Edinburgh},
  year = {1997},
  owner = {Administrator},
  timestamp = {2011.07.21}
}

@INPROCEEDINGS{bib:zheng_2011,
  author = {Zheng, J.Z. and De La Rosa, S. and Dollar, A.M.},
  title = {An investigation of grasp type and frequency in daily household and
	machine shop tasks},
  booktitle = {{IEEE} Proc. Int. Conf. on Robotic and Automation ({ICRA})},
  year = {2011},
  owner = {Memnone},
  timestamp = {2015.04.09}
}

@INPROCEEDINGS{bib:zito_iros_2013,
  author = {Zito, C. and Kopicki, M.S. and Stolkin, R. and Borst, C. and Schmidt,
	F. and Roa, M. A. and Wyatt, J.L.},
  title = {Sequential trajectory re-planning with tactile information gain for
	dextrous grasping under object-pose uncertainty},
  booktitle = {{IEEE} Proc. Intelligent Robots and Systems ({IROS})},
  year = {2013},
  owner = {Memnone},
  timestamp = {2013.10.23}
}

@INPROCEEDINGS{bib:zito_rss_2013,
  author = {Zito, C. and Kopicki, M.S. and Stolkin, R. and Borst, C. and Schmidt,
	F. and Roa, M. A. and Wyatt, J.L.},
  title = {Sequential re-planning for dextrous grasping under object-pose uncertainty},
  booktitle = {Proc. Workshop on Manipulation with Uncertain Models, Robotics: Science
	and Systems ({RSS})},
  year = {2013},
  owner = {Memnone},
  timestamp = {2013.10.23}
}

@INPROCEEDINGS{bib:zito_workshop_iros2012,
  author = {C. Zito and R. Stolkin and M. S. Kopicki and M. Di Luca and J. L.
	Wyatt},
  title = {Exploratory reach-to-grasp trajectories for uncertain object poses.},
  booktitle = {Proc. Workshop on Beyond Robot Grasping: Modern Approaches for Dynamic
	Manipulation. Intelligent Robots and Systems ({IROS})},
  year = {2012},
  owner = {Memnone},
  timestamp = {2013.03.15}
}

@INPROCEEDINGS{bib:zito_2012,
  author = {C. Zito and R. Stolkin and M. S. Kopicki and J. L. Wyatt},
  title = {Two-level RRT Planner for Robotic Push Manipulation},
  booktitle = {{IEEE} Proc. Intelligent Robots and Systems ({IROS})},
  year = {2012},
  owner = {Memnone},
  timestamp = {2013.10.23}
}

@BOOK{bib:utility_1999,
  title = {Handbook of utility theory},
  publisher = {Springer US},
  year = {1999},
  editor = {Barbera, S. and Hammond, P.J. and Seidl, C.},
  volume = {1},
  owner = {Memnone},
  timestamp = {2015.06.02}
}

@comment{jabref-meta: selector_publisher:}

@comment{jabref-meta: selector_author:}

@comment{jabref-meta: selector_journal:}

@comment{jabref-meta: selector_keywords:}

