@InProceedings{Teney-2012-DICTA,
  title = {{Generalized Exemplar-Based Full Pose Estimation from 2D Images without Correspondences}},
  author = {Teney, Damien and Piater, Justus},
  booktitle = {{Digital Image Computing: Techniques and Applications}},
  year = 2012,
  publisher = {IEEE},
  doi = {10.1109/DICTA.2012.6411666},
  url = {https://iis.uibk.ac.at/public/papers/Teney-2012-DICTA.pdf}
}
@InProceedings{Teney-2012-3DimPVT,
  title = {{Sampling-based Multiview Reconstruction without Correspondences for 3D Edges}},
  author = {Teney, Damien and Piater, Justus},
  booktitle = {{3DimPVT}},
  year = 2012,
  pages = {160--167},
  doi = {10.1109/3DIMPVT.2012.28},
  url = {https://iis.uibk.ac.at/public/papers/Teney-2012-3DimPVT.pdf}
}
@Article{Detry-2009-TPAMI,
  title = {{A Probabilistic Framework for 3D Visual Object Representation}},
  author = {Detry, Renaud and Pugeault, Nicolas and Piater, Justus},
  journal = {{IEEE Transactions on Pattern Analysis and Machine Intelligence}},
  year = 2009,
  month = 10,
  volume = 31,
  number = 10,
  pages = {1790--1803},
  publisher = {IEEE Computer Society},
  doi = {10.1109/TPAMI.2009.64},
  url = {https://iis.uibk.ac.at/public/papers/Detry-2009-TPAMI.pdf}
}
@InProceedings{Fidler-2008-CVPR,
  title = {{Similarity-based cross-layered hierarchical representation for object categorization}},
  author = {Fidler, Sanja and Boben, Marko and Leonardis, Ale\v{s}},
  booktitle = {{IEEE Conference on Computer Vision and Pattern Recognition}},
  year = 2008,
  month = 6,
  doi = {10.1109/CVPR.2008.4587409},
  url = {http://sanja.fri.uni-lj.si/wp-content/uploads/fidler08cvpr.pdf}
}
@InProceedings{Kramarev2014,
  title = {{Object Categorization from Range Images using a Hierarchical Compositional Representation}},
  author = {Kramarev, Vladislav and Zurek, Sebastian and Wyatt,  Jeremy L and Leonardis, Ale\v{s}},
  booktitle = {{IEEE International Conference on Pattern Recognition}},
  year = 2014,
  month = 8,
}
@MastersThesis{Kuhl-2005-Thesis,
  title = {{A Comparison of Stereo Matching Algorithms for Mobile Robots}},
  author = {Annika Kuhl},
  year = 2005,
  school = {Centre for Intelligent Information Processing Systems, University of Western Australia},
  series = {M.Sc.~Thesis}
}
@inproceedings{Rusenetal-eccv14,
title = {A Graph Theoretic Approach for Object Shape Representation in Compositional Hierarchy of Parts using an Hybrid Generative-Descriptive Model},
author = {Aktas, Umit Rusen and Ozay, Mete and Leonardis, Ale\v{s} and Wyatt, Jeremy},
booktitle = {Technical Report, an extended version is submitted to {\it The European Conference on Computer Vision (ECCV)}},
year = 2014
}
@Article{WangGWC0C13,
  title = {{Projective Analysis for 3D Shape Segmentation}},
  author = {Wang, Yunhai and Gong, Minglun and Wang, Tianhua and Cohen-Or, Daniel and Zhang, Hao and Chen, Baoquan},
  journal = {{ACM Transactions on Graphics}},
  year = 2013,
  volume = 32,
  number = 6,
  doi={http://doi.acm.org/10.1145/2508363.2508393},
  url = {http://dblp.uni-trier.de/db/journals/tog/tog32.html#WangGWC0C13}
}
@inProceedings{Fleming2009,
  title = {Visual perception of 3D shape},
  author = {Fleming, Roland W. and Singh, Manish},
  booktitle = {ACM SIGGRAPH },
  year = 2009,
  pages = {1--9},
  doi={10.1145/1667239.1667263}
}
@inProceedings{Cyr2001,
  author = {Cyr, Christopher M. and Kimia, Benjamin B.},
  title = {3{D} Object Recognition Using Shape Similarity-Based Aspect Graph},
  booktitle = {ICCV},
  year = {2001},
  pages = {254--261}
}
@inProceedings{Cheng2010,
  title = {A Novel 2{D}-to-3{D} Conversion System Using Edge Information},
  author = {Cheng, Chao-Chung and Li, Chung-Te and Chen, Liang-Gee},
  booktitle = {IEEE Transactions on consumer electronics},
  year = {2010},
  pages = {1739--1745},
  volume={56},
  number ={3}
}
@inProceedings{Arca2007,
  title = {Face recognition based on 2{D} and 3{D} features},
  author = {Arca, Stefan and Lanzarotti, Raffaella and Lipori, Giuseppe},
  booktitle = {International Conference on Knowledge-Based Intelligent Information and Engineering Systems},
  year = {2007},
  pages = {455-462},
}
@inProceedings{Soltana2010,
  title = {Comparison of 2{D}/3{D} features and their adaptive score level fusion for 3{D} face recognition},
  author = {Soltana, Wael Ben and Huang, Di and Ardabilian, Mohsen and Chen, Liming},
  booktitle = {3{D} data processing, visualization and transmission (3DPVT)},
  year = {2010},
  pages = {455-462},
}
@inProceedings{Eitz2012,
 author = {Eitz, Mathias and Richter, Ronald and Boubekeur, Tamy and Hildebrand, Kristian and Alexa, Marc},
 title = {Sketch-based Shape Retrieval},
 journal = {ACM Trans. Graph.},
 volume = {31},
 number = {4},
 year = {2012},
 pages = {31:1--31:10},
 url = {http://doi.acm.org/10.1145/2185520.2185527},
 doi = {10.1145/2185520.2185527},
} 
@inProceedings{Wu2010,
 author = {Wu, Ying Nian and Si, Zhangzhang and Gong, Haifeng and Zhu, Song-Chun},
 title = {Learning active basis model for object detection and recognition},
 booktitle = {International Journal of Computer Vision},
 volume = {90},
 number = {2},
 year = {2010},
 pages = {198--235},
} 
@inProceedings{Dai2014,
author = {Dai, Jifeng and Hong, Yi and Hu, Wenze and Zhu, Song-Chun and Nian Wu, Ying},
title = {Unsupervised Learning of Dictionaries of Hierarchical Compositional Models},
journal = {The IEEE Conference on Computer Vision and Pattern Recognition (CVPR)},
month = {June},
year = {2014},
}
@inProceedings{Felzenswalb2010,
    author = {Felzenszwalb, P. F. and Girshick, R. B. and McAllester, D. and Ramanan, D.},
    title = {Object Detection with Discriminatively Trained Part Based Models},
    journal = {IEEE Transactions on Pattern Analysis and Machine Intelligence},
    year = {2010},
    volume = {32},
    number = {9}, 
    pages = {1627--1645},
}
@inProceedings{Liebelt2010,
  author       = {Liebelt, J{\"o}rg and Schmid, Cordelia},
  title        = {Multi-View Object Class Detection with a 3D Geometric Model},
  booktitle    = {IEEE Conference on Computer Vision \& Pattern Recognition},
  pages        = {1688--1695},
  month        = {jun},
  year         = {2010},
  url          = {http://lear.inrialpes.fr/pubs/2010/LS10},
}
@inProceedings{Teney2014,
  author       = {Teney, Damien and Piater, Justus},
  title        = {Multiview feature distributions for object detection and continuous pose estimation},
  booktitle    = {Computer Vision and Image Understanding Journal},
  year         = {2014},
  volume       = {125},
  pages        = {265--282},  
  url          = {http://dx.doi.org/10.1016/j.cviu.2014.04.012},
}
@inProceedings{Mahmoudi2013,
  author       = {Mahmoudi, Fatemeh and Samadzadegan, Farhad and Reinartz, Peter},
  title        = {A Decision Level Fusion Method for Object Recognition Using Multi-Angular Imagery},
  booktitle    = {International Conference on Sensors and Models in Photogrammetry and Remote Sensing},
  year         = {2013},
  pages        = {409--414},  
}
@inProceedings{Kullback1951,
  author       = {Kullback, S. and Leibler, R. A.},
  title        = {On information and sufficiency},
  booktitle    = {Annals of Mathematical Statistics},
  year         = {1951},
  volume       = {22},
  pages        = {79--86},  
}
@inProceedings{Huttenlocher1990,
 author = {Huttenlocher, Daniel P. and Kedem, Klara},
 title = {Computing the Minimum Hausdorff Distance for Point Sets Under Translation},
 booktitle = {Sixth Annual Symposium on Computational Geometry},
 year = {1990},
 pages = {340--349},
 url = {http://doi.acm.org/10.1145/98524.98599},
} 
@inProceedings{Alter1994,
  author       = {Alter, T. D.},
  title        = {3-D pose from 3 points using weak-perspective},
  booktitle    = {IEEE TPAMI},
  year         = {1994},
  volume       = {16},
  pages        = {802--808},  
}
@inProceedings{Chai2014,
    author = {Chai, T. and Draxler, R. R.},
    title = {{Root mean square error (RMSE) or mean absolute error (MAE)? Arguments against avoiding RMSE in the literature}},
    booktitle = {Geoscientific Model Development},
    volume = {7},
    pages = {1247--1250},
    year = {2014}
}
@Article{Bouldin97,
  title = {{A Cluster Separation Measure}},
  author = {Davies, David L. and Bouldin, Donald W},
  journal = {{IEEE Transactions on Pattern Analysis and Machine Intelligence}},
  year = 1997,
  volume = 1,
  number = 2,
  pages = {224--227},
  doi= {10.1109/TPAMI.1979.4766909}
}
@inProceedings{Masci2011,
    author = {Masci, J. and Meier, U. and Ciresan, D. and Schmidhuber, J.},
    title = {{Stacked convolutional auto-encoders for hierarchical feature extraction}},
    booktitle = {21th International Conference on Artificial Neural Networks (ICAN'11)},
    volume = {1},
    pages = {52--59},
    year = {2011}
}
