@InProceedings{Teney-2012-DICTA,
  title = {{Generalized Exemplar-Based Full Pose Estimation from 2D Images without Correspondences}},
  author = {Teney, Damien and Piater, Justus},
  booktitle = {{Digital Image Computing: Techniques and Applications}},
  year = 2012,
  publisher = {IEEE},
  doi = {10.1109/DICTA.2012.6411666},
  url = {https://iis.uibk.ac.at/public/papers/Teney-2012-DICTA.pdf}
}
@InProceedings{Teney-2012-3DimPVT,
  title = {{Sampling-based Multiview Reconstruction without Correspondences for 3D Edges}},
  author = {Teney, Damien and Piater, Justus},
  booktitle = {{3DimPVT}},
  year = 2012,
  pages = {160--167},
  doi = {10.1109/3DIMPVT.2012.28},
  url = {https://iis.uibk.ac.at/public/papers/Teney-2012-3DimPVT.pdf}
}
@Article{Detry-2009-TPAMI,
  title = {{A Probabilistic Framework for 3D Visual Object Representation}},
  author = {Detry, Renaud and Pugeault, Nicolas and Piater, Justus},
  journal = {{IEEE Transactions on Pattern Analysis and Machine Intelligence}},
  year = 2009,
  month = 10,
  volume = 31,
  number = 10,
  pages = {1790--1803},
  publisher = {IEEE Computer Society},
  doi = {10.1109/TPAMI.2009.64},
  url = {https://iis.uibk.ac.at/public/papers/Detry-2009-TPAMI.pdf}
}
@InProceedings{Fidler-2008-CVPR,
  title = {{Similarity-based cross-layered hierarchical representation for object categorization}},
  author = {Fidler, Sanja and Boben, Marko and Leonardis, Ale\v{s}},
  booktitle = {{IEEE Conference on Computer Vision and Pattern Recognition}},
  year = 2008,
  month = 6,
  doi = {10.1109/CVPR.2008.4587409},
  url = {http://sanja.fri.uni-lj.si/wp-content/uploads/fidler08cvpr.pdf}
}
@MastersThesis{Kuhl-2005-Thesis,
  title = {{A Comparison of Stereo Matching Algorithms for Mobile Robots}},
  author = {Annika Kuhl},
  year = 2005,
  school = {Centre for Intelligent Information Processing Systems, University of Western Australia},
  series = {M.Sc.~Thesis}
}
@misc{ROS,
 title = {{Robot Operating System (ROS)}},
 url =   {http://www.ros.org},
}
@misc{Moveit,
 title = {{MoveIt}},
 url = {http://moveit.ros.org},
}
@InProceedings{Zito-2013-IROS,
  title     = {{Sequential trajectory re-planning with tactile information
               gain for dexterous grasping under object-pose uncertainty}},
  author    = {Zito, Claudio and Kopicki, Marek Sewer and Stolkin, Rustam and Borst, Christoph and Schmidt, Florian and Roa, M{\'a}ximo A. and Wyatt, Jeremy L.},
  booktitle = {IROS},
  year      = {2013},
  pages     = {4013--4020},
  doi       = {10.1109/IROS.2013.6696930},
  url = {http://www.cs.bham.ac.uk/~nah/bibtex/papers/zitoetal-rss13-workshop.pdf}
  }
@InProceedings{Aldoma-2012-ECCV,  
   title     = {{A Global Hypotheses Verification Method for 3D Object Recognition}},  
   author    = {Aldoma, Aitor and Tombari, Federico and di Stefano, Luigi and Vincze, Markus},
   booktitle = {ECCV (3)},
   year      = {2012},
   pages     = {511-524},
   doi       = {10.1007/978-3-642-33712-3_37},
   url = {http://vision.deis.unibo.it/fede/papers/eccv12.pdf}
}
@InProceedings{Kopicki-2014-ICRA,
  title     = {{Learning Dexterous Grasps That Generalise To Novel Objects By Combining Hand And Contact Models}},
  author    = {Kopicki, Marek and Detry, Renaud and Schmidt, Florian and Borst, Christoph and Stolkin, Rustam and Wyatt, Jeremy L.},
  booktitle = {{IEEE ICRA}},
  year      = {2014},
 }
@inproceedings {rel1,
	title = {Teaching 3D Geometry to Deformable Part Models},
	booktitle = {IEEE Conference on Computer Vision and Pattern Recognition (CVPR)},
	year = {2012},
	month = {June},
	attachments = {https://www.d2.mpi-inf.mpg.de/sites/default/files/pepik12cvpr.pdf},
	author = {Pepik, Bojan and Michael Stark and Peter Gehler and Schiele, Bernt}
}

@inproceedings{rel2,
  author = {Hu, Wenze},
  booktitle = {IEEE Conference on Computer Vision and Pattern Recognition (CVPR)},
  pages = {2336-2343},
  title = {Learning 3{D} object templates by hierarchical quantization of geometry and appearance spaces.},
  year = 2012
}

@article{rel3,
        AUTHOR = "Barron, Jonathan T. and Arbel{\'a}ez, Pablo and Ker{\"a}nen, Soile V. E. and Biggin, Mark D. and Knowles, David W. and Malik, Jitendra",
        TITLE = "Volumetric Semantic Segmentation using Pyramid Context Features",
        JOURNAL = "ICCV",
        YEAR = "2013",
}

@inproceedings{rel4,
 author = {Ren, Xiaofeng and Malik, Jitendra},
 title = {Learning a Classification Model for Segmentation},
 booktitle = {Proceedings of the Ninth IEEE International Conference on Computer Vision - Volume 2},
 series = {ICCV '03},
 year = {2003},
 isbn = {0-7695-1950-4},
 pages = {10--},
 publisher = {IEEE Computer Society},
} 

@inproceedings {rel5,
	title = {Back to the Future: Learning Shape Models from 3D CAD Data},
	booktitle = {British Machine Vision Conference (BMVC)},
	year = {2010},
	month = {September},
	author = {Michael Stark and Michael Goesele and Schiele, Bernt}
}

@inproceedings{rel6,
 author = {Sun, Min and Bradski, Gary and Xu, Bing-Xin and Savarese, Silvio},
 title = {Depth-encoded Hough Voting for Joint Object Detection and Shape Recovery},
 booktitle = {Proceedings of the 11th European Conference on Computer Vision: Part V},
 series = {ECCV'10},
 year = {2010},
 pages = {658--671},
 numpages = {14},
 publisher = {Springer-Verlag},
} 

@InProceedings{rel7,
author = {Christoph Stein, Simon and Schoeler, Markus and Papon, Jeremie and Worgotter, Florentin},
title = {Object Partitioning using Local Convexity},
booktitle = {IEEE Conference on Computer Vision and Pattern Recognition (CVPR)},
month = {June},
year = {2014}
} 

@article{rel8,
 author = {Felzenszwalb, Pedro F. and Huttenlocher, Daniel P.},
 title = {Pictorial Structures for Object Recognition},
 journal = {Int. J. Comput. Vision},
 volume = {61},
 number = {1},
 month = jan,
 year = {2005},
 pages = {55--79},
 numpages = {25},
 publisher = {Kluwer Academic Publishers},
}

@inproceedings{rel9,
  title = {Human Pose Estimation with Fields of Parts},
  author = {Kiefel, Martin and Gehler, Peter},
  booktitle = {Computer Vision -- ECCV 2014},
  editor = {Fleet, David and Pajdla, Tomas and Schiele, Bernt and Tuytelaars, Tinne},
  publisher = {Springer International Publishing},
  series = {Lecture Notes in Computer Science},
  month = sep,
  volume = {8693},
  pages = {331-346},
  year = {2014}
}

@inproceedings{rel10,
  title = {Poselet conditioned pictorial structures},
  author = {Pishchulin, Leonid and Andriluka, Micha and Gehler, Peter and Schiele, Bernt},
  booktitle = {IEEE Computer Society Conference on Computer Vision and Pattern Recognition},
  address = {Portland, OR},
  month = jun,
  year = {2013}
}

@article{rel11,
 author = {Leung, Thomas and Malik, Jitendra},
 title = {Representing and Recognizing the Visual Appearance of Materials Using Three-dimensional Textons},
 journal = {Int. J. Comput. Vision},
 issue_date = {June 2001},
 volume = {43},
 number = {1},
 month = jun,
 year = {2001},
 issn = {0920-5691},
 pages = {29--44},
 numpages = {16},
 publisher = {Kluwer Academic Publishers},
 address = {Hingham, MA, USA}
} 

@InProceedings{rel12,
   author = "Sivic, J. and Russell, B.~C. and Efros, A.~A. and Zisserman, A. and Freeman, W.~T.",
   title = "Discovering Object Categories in Image Collections",
   booktitle = "Proceedings of the International Conference on Computer Vision",
   year = "2005",
} 

@inproceedings{rel-comps,
author = {Sanja Fidler and Ales Leonardis},
title = {Towards Scalable Representations of Object Categories: Learning a Hierarchy of Parts},
booktitle = {CVPR},
year = {2007}}

@inproceedings{rgbd-dataset,
  author = {Kevin Lai and Liefeng Bo and Xiaofeng Ren and Dieter Fox},
  title = {A Large-Scale Hierarchical Multi-View RGB-D Object Dataset},
  booktitle = {IEEE International Conference on Robotics and Automation (ICRA)},
  year = {2011},
}

@inproceedings{svs,
  author = {Papon, J. and Abramov, A. and Schoeler, M. and W\"{o}rg\"{o}tter, F.},
  title = {Voxel Cloud Connectivity Segmentation - Supervoxels for Point Clouds},
  booktitle = {IEEE Conference on Computer Vision and Pattern Recognition CVPR},
  year = {2013},
  month = {June}}

@ARTICLE{symmetry,
    author = {Changming Sun and Jamie Sherrah},
    title = {3-D Symmetry Detection Using The Extended Gaussian Image},
    journal = {IEEE Transactions on Pattern Analysis and Machine Intelligence},
    year = {1997},
    volume = {19},
    pages = {164--168}
}

@book{agg-cls,
 author = {Duda, Richard O. and Hart, Peter E. and Stork, David G.},
 title = {Pattern Classification (2Nd Edition)},
 year = {2000},
 isbn = {0471056693},
 publisher = {Wiley-Interscience},
} 

@inproceedings{nyu,
  author    = {Nathan Silberman, Derek Hoiem, Pushmeet Kohli and Rob Fergus},
  title     = {Indoor Segmentation and Support Inference from RGBD Images},
  booktitle = {ECCV},
  year      = {2012}
}

@incollection{overlap1,
year={2014},
isbn={978-3-319-10601-4},
booktitle={Computer Vision – ECCV 2014},
volume={8693},
series={Lecture Notes in Computer Science},
editor={Fleet, David and Pajdla, Tomas and Schiele, Bernt and Tuytelaars, Tinne},
title={Geodesic Object Proposals},
publisher={Springer International Publishing},
author={Krähenbühl, Philipp and Koltun, Vladlen},
pages={725-739},
}

@article{overlap2,
author = {Joao Carreira and Cristian Sminchisescu},
title = {CPMC: Automatic Object Segmentation Using Constrained Parametric Min-Cuts},
journal ={IEEE Transactions on Pattern Analysis and Machine Intelligence},
volume = {34},
number = {7},
year = {2012},
pages = {1312-1328},
publisher = {IEEE Computer Society},
}


@inproceedings{comp2,
  author = {Zhu, Long and Yuille, Alan L.},
  booktitle = {NIPS},
  keywords = {dblp},
  title = {A Hierarchical Compositional System for Rapid Object Detection.},
  year = 2005
}

@article{comp3,
    author = {Ommer, B. and Buhmann, J.},
    booktitle = {Pattern Analysis and Machine Intelligence, IEEE Transactions on},
    journal = {Pattern Analysis and Machine Intelligence, IEEE Transactions on},
    keywords = {vision},
    month = jan,
    number = {99},
    pages = {1},
    title = {{Learning the Compositional Nature of Visual Object Categories for Recognition}},
    volume = {PP},
    year = {2009}
}

@inproceedings{eval-rgbd,
  author = {Kevin Lai and Liefeng Bo and Xiaofeng Ren and Dieter Fox},
  title = {Detection-based Object Labeling in 3D Scenes},
  booktitle = {IEEE International Conference on on Robotics and Automation},
  year = {2012},
}
@inproceedings{vfh,
	title = {Fast 3{D} Recognition and Pose Using the Viewpoint Feature Histogram},
	booktitle = {IEEE/RSJ International Conference on Intelligent Robots and Systems (IROS)},
	year = {2010},
	author = {Rusu, Radu Bogdan and Bradski, Gary and Thibaux, Romain and Hsu, John}
}
@MISC{part1,
    author = {Michael C. Burl and Markus Weber and Pietro Perona},
    title = {A Probabilistic Approach to Object Recognition Using Local Photometry and Global Geometry},
    year = {1998}
}

@article{part2,
 author = {Felzenszwalb, Pedro F. and Huttenlocher, Daniel P.},
 title = {Pictorial Structures for Object Recognition},
 journal = {Int. J. Comput. Vision},
 volume = {61},
 number = {1},
 month = jan,
 year = {2005},
 pages = {55--79},
 numpages = {25},
 publisher = {Kluwer Academic Publishers},
}

@MISC{part3,
    author = {M.C. Burl and T. K. Leung and P. Perona},
    title = {Face Localization via Shape Statistics},
    year = {1995}
}
@InProceedings{detry2010ac,
  title = {Continuous surface-point distributions for 3D object pose
      estimation and recognition},
  author = {Detry, Renaud and Piater, Justus},
  booktitle = {Asian Conference on Computer Vision},
  pages = {572--585},
  volume = {6494},
  year = {2010}
}

@InProceedings{Rezapour2015LearningCVPR,
  title = {\href{./attachedPapers/rezapouretal-cvpr2015.pdf}{Learning Part-Based 3D Compositional Object Representations}},
  author = {Safoura Rezapour Lakani and Antonio J. Rodriguez-Sanchez and Justus Piater},
  booktitle = {IEEE Computer Vision and Pattern Recognition (submitted)},
  year = {2015}
}

@InProceedings{Rezapour2015LearningICRA,
  title = {\href{./attachedPapers/rezapouretal-icra2015.pdf}{Learning 3D Object Parts through Grasping}},
  author = {Safoura Rezapour Lakani and Mirela Popa and Antonio J. Rodriguez-Sanchez and Justus Piater},
  booktitle = {IEEE International Conference on on Robotics and Automation (accepted?)},
  year = {2015}
}

@TECHREPORT{Rezapour2015Multi,
  author =        {Safoura Rezapour Lakani and Justus Piater},
  title =         {\href{./attachedPapers/rezapouretal-Tech2015.pdf}{Multi-Modal Compositional Object Representation}},
}

@TECHREPORT{Rietzler2015Compositional,
  author =        {Alexander Rietzler},
  title =         {\href{./attachedPapers/rietzeler-techReport.pdf}{3D Compositional Models associated with Grasp Templates and Haptic Data}},
}

