
@inproceedings{kramarev2014object,
  title={Object Categorization from Range Images using a Hierarchical Compositional Representation},
  author={Kramarev, Vladislav and Zurek, Sebastian and Wyatt, Jeremy L and Leonardis, Ale},
  booktitle={Pattern Recognition (ICPR), 2014 22nd International Conference on},
  pages={586--591},
  year={2014},
  organization={IEEE}
}

@INPROCEEDINGS{wessel-2009-ABenchmark,
     author = {Wessel, Raoul and Bl{\"u}mel, Ina and Klein, Reinhard},
      pages = {53--56},
      title = {A 3D Shape Benchmark for Retrieval and Automatic Classification of Architectural Data},
  booktitle = {Eurographics 2009 Workshop on 3D Object Retrieval},
       year = {2009},
      month = mar,
   abstract = {When drafting new buildings, architects make intensive use of existing 3D models including building
               elements, furnishing, and environment elements. These models are either directly included into the
               draft or serve as a source for inspiration. To allow efficient reuse of existing 3D models, shape
               retrieval methods considering the specific requirements of architects must be developed.
               Unfortunately, common 3D shape benchmarks which are used to evaluate the performance of retrieval
               algorithms are not well suited for architectural data. First, they incorporate models which are not
               related to this domain, and second and even more important, the provided classification schemes
               usually do not match an architect's intuition regarding their notion of design and function. To
               overcome these drawbacks, we present a freely downloadable shape benchmark especially designed for
               architectural 3D models. It currently contains 2257 objects from various content providers,
               including companies specialized on 3D CAD applications. All models are classified according to a
               scheme developed in close cooperation with architects taking into account their specific
               requirements regarding design and function. Additionally, we show retrieval results for this
               benchmark using unsupervised and supervised shape retrieval methods and discuss the specific
               problems regarding retrieval of architectural 3D models.},
       issn = {1997-0463},
       isbn = {978-3-905674-16-3}
}

@inproceedings{kuffner2004effective,
  title={Effective sampling and distance metrics for 3D rigid body path planning},
  author={Kuffner, James J},
  booktitle={Robotics and Automation, 2004. Proceedings. ICRA'04. 2004 IEEE International Conference on},
  volume={4},
  pages={3993--3998},
  year={2004},
  organization={IEEE}
}

@inproceedings{KramarevWL15,
  author    = {Vladislav Kramarev and
               Krzysztof Walas and
               Ales Leonardis},
  title     = {Categorisation of 3D Objects in Range Images Using Compositional Hierarchies
               of Parts Based on {MDL} and Entropy Selection Criteria},
  booktitle = {Image Analysis - 19th Scandinavian Conference, {SCIA} 2015, Copenhagen,
               Denmark, June 15-17, 2015. Proceedings},
  pages     = {289--301},
  year      = {2015},
  crossref  = {DBLP:conf/scia/2015},
  url       = {http://dx.doi.org/10.1007/978-3-319-19665-7_24},
  doi       = {10.1007/978-3-319-19665-7_24},
  timestamp = {Tue, 09 Jun 2015 12:49:43 +0200},
  biburl    = {http://dblp.uni-trier.de/rec/bib/conf/scia/KramarevWL15},
  bibsource = {dblp computer science bibliography, http://dblp.org}
}

@inproceedings{tatsuma2012large,
  title={A large-scale shape benchmark for 3D object retrieval: Toyohashi Shape Benchmark},
  author={Tatsuma, Atsushi and Koyanagi, Haruki and Aono, Masaki},
  booktitle={Signal \& Information Processing Association Annual Summit and Conference (APSIPA ASC), 2012 Asia-Pacific},
  pages={1--10},
  year={2012},
  organization={IEEE}
}

@incollection {Leonardis1,
    publisher = {Cambridge University Press},
    title = {Learning Hierarchical Compositional Representations of Object Structure},
    url = {http://vicos.fri.uni-lj.si/data/alesl/chapterLeonardis.pdf},
    booktitle = {Object Categorization: Computer and Human Vision Perspectives},
    author = {S. Fidler and M. Boben and A. Leonardis},
    year = {2009}
}

@InProceedings{Leonardis2,
  author =  "S. Fidler and A. Leonardis",
  title =   "Towards Scalable Representations of Object Categories:
         Learning a Hierarchy of Parts",
  booktitle =   "IEEE Conference on Computer Vision and Pattern Recognition",
  year =    "2007",
  pages =   "1--8",
  URL =     "http://dx.doi.org/10.1109/CVPR.2007.383269",
  bibsource =   "http://www.visionbib.com/bibliography/describe481.html#TT40257",
}

@MISC{CVPRTutorial,
author       = "R. Fergus and H. Lee and M. A. Ranzato and R. Salakhutdinov and G. Taylor and K. Yu",
title        = "Deep Learning Methods for Vision",
howpublished = "CVPR Tutorial",
year         = "2012",
}

@incollection{aktas2014graph,
  title={A Graph Theoretic Approach for Object Shape Representation in Compositional Hierarchies Using a Hybrid Generative-Descriptive Model},
  author={Aktas, Umit Rusen and Ozay, Mete and Leonardis, Ale{\v{s}} and Wyatt, Jeremy L},
  booktitle={Computer Vision--ECCV 2014},
  pages={566--581},
  year={2014},
  publisher={Springer}
}

@InProceedings{Leonardis3,
  author =  "S. Fidler and M. Boben and A. Leonardis",
  title =   "Optimization framework for learning a hierarchical
         shape vocabulary for object class detection",
  booktitle =   "BMVC",
  year =    "2009",
  URL =     "http://www.bmva.org/bmvc/2009/Papers/Paper443/Paper443.pdf",
  bibsource =   "http://www.visionbib.com/bibliography/describe481.html#TT40254",
}

@article{hameiri2003estimating,
  title={Estimating the principal curvatures and the Darboux frame from real 3-D range data},
  author={Hameiri, Eyal and Shimshoni, Ilan},
  journal={Systems, Man, and Cybernetics, Part B: Cybernetics, IEEE Transactions on},
  volume={33},
  number={4},
  pages={626--637},
  year={2003},
  publisher={IEEE}
}

@incollection{pele2010quadratic,
  title={The quadratic-chi histogram distance family},
  author={Pele, Ofir and Werman, Michael},
  booktitle={Computer Vision--ECCV 2010},
  pages={749--762},
  year={2010},
  publisher={Springer}
}

@inproceedings{taubin1995estimating,
  title={Estimating the tensor of curvature of a surface from a polyhedral approximation},
  author={Taubin, Gabriel},
  booktitle={Computer Vision, 1995. Proceedings., Fifth International Conference on},
  pages={902--907},
  year={1995},
  organization={IEEE}
}

@Article{ToldoJournal,
  title =   "The bag of words approach for retrieval and
         categorization of 3{D} objects",
  author =  "R. Toldo and U. Castellani and A. Fusiello",
  journal = "The Visual Computer",
  year =    "2010",
  number =  "10",
  volume =  "26",
  bibdate = "2010-11-11",
  bibsource =   "DBLP,
         http://dblp.uni-trier.de/db/journals/vc/vc26.html#ToldoCF10",
  pages =   "1257--1268",
  URL =     "http://dx.doi.org/10.1007/s00371-010-0519-x",
}

@InProceedings{Bag,
  author =  "R. Toldo and U. Castellani and A. Fusiello",
  title =   "A Bag of Words Approach for 3{D} Object
         Categorization",
  booktitle =   "Model-based Imaging, Rendering, Image Analysis and
         Graphical Special Effects",
  year =    "2009",
  pages =   "116--127",
  URL =     "http://dx.doi.org/10.1007/978-3-642-01811-4_11",
  bibsource =   "http://www.visionbib.com/bibliography/match606.html#TT51046",
}

@Article{Tsotsos,
  author =  "J. K. Tsotsos",
  title =   "Analyzing Vision at the Complexity Level",
  journal = "Behavioral and Brain Sciences",
  volume =  "13",
  year =    "1990",
  pages =   "423--469",
  bibsource =   "http://www.visionbib.com/bibliography/book32.html#TT1974",
}

@incollection{Agarwal,
  title={Hyperfeatures--multilevel local coding for visual recognition},
  author={A. Agarwal and B. Triggs},
  booktitle={Computer Vision--ECCV 2006},
  pages={30--43},
  year={2006},
  publisher={Springer}
}

@InProceedings{Zhu,
  author =  "L. L. Zhu and C. X. Lin and H. Huang and Y. H. Chen
         and A. L. Yuille",
  title =   "Unsupervised Structure Learning: Hierarchical
         Recursive Composition, Suspicious Coincidence and
         Competitive Exclusion",
  booktitle =   "ECCV",
  year =    "2008",
  pages =   "II: 759--773",
  URL =     "http://dx.doi.org/10.1007/978-3-540-88688-4_56",
  bibsource =   "http://www.visionbib.com/bibliography/describe468.html#TT39330",
}

@InProceedings{Ettinger,
  author =  "G. J. Ettinger",
  title =   "Hierarchical Object Recognition Using Libraries of
         Parameterized Model Sub-Parts",
  booktitle =   "MIT AI-TR",
  year =    "1987",
  bibsource =   "http://www.visionbib.com/bibliography/match589.html#TT50276",
}

@Article{Lowe,
  author =  "D. G. Lowe",
  title =   "Distinctive Image Features from Scale-Invariant
         Keypoints",
  journal = "International Journal of Computer Vision",
  year =    "2004",
  volume =  "60",
  pages =   "91--110",
  number =  "2",
}

@article{Geman,
  title={Composition systems},
  author={S. Geman and D. F. Potter and Z. Chi},
  journal={Quarterly of Applied Mathematics},
  volume={60},
  number={4},
  pages={707--736},
  year={2002},
  publisher={[Providence, RI] Brown University, Division of Applied Mathematics.}
}

@inproceedings{Geman1,
  title={Context and hierarchy in a probabilistic image model},
  author={Jin, Ya and Geman, Stuart},
  booktitle={IEEE Conference on Computer Vision and Pattern Recognition},
  volume={2},
  pages={2145--2152},
  year={2006},
}

@inproceedings{Girshick,
  title={Object detection with grammar models},
  author={R. B. Girshick and P. F. Felzenszwalb and D. A. Mcallester},
  booktitle={Advances in Neural Information Processing Systems},
  pages={442--450},
  year={2011}
}

@Book{Amit,
  author =  "Y. Amit",
  title =   "2{D} Object Detection and Recognition Models,
         Algorithms, and Networks",
  publisher =   "MIT Press",
  year =    "2002",
  URL =     "http://mitpress.mit.edu/0262011948",
  bibsource =   "http://www.visionbib.com/bibliography/match-pl490.html#TT42764",
}

@article{Hinton,
  title={Learning multiple layers of representation},
  author={G. E. Hinton},
  journal={Trends in Cognitive Sciences},
  volume={11},
  number={10},
  pages={428--434},
  year={2007},
  publisher={Elsevier}
}

@InProceedings{Epshtein,
  author =  "B. Epshtein and S. Ullman",
  title =   "Feature Hierarchies for Object Classification",
  booktitle =   "ICCV",
  year =    "2005",
  pages =   "I: 220--227",
  URL =     "http://dx.doi.org/10.1109/ICCV.2005.98",
  bibsource =   "http://www.visionbib.com/bibliography/match588.html#TT50167",
}

@Article{Amit1,
  author =  "Y. Amit and D. Geman",
  title =   "A Computational Model for Visual Selection",
  journal = "Neural Computation",
  volume =  "11",
  number =  "7",
  year =    "1999",
  pages =   "1691--1715",
}

@InProceedings{Sudderth,
  author =  "E. B. Sudderth and A. Torralba and W. T. Freeman and
         A. S. Willsky",
  title =   "Learning Hierarchical Models of Scenes, Objects, and
         Parts",
  booktitle =   "ICCV",
  year =    "2005",
  pages =   "II: 1331--1338",
  URL =     "http://dx.doi.org/10.1109/ICCV.2005.137",
  bibsource =   "http://www.visionbib.com/bibliography/describe481.html#TT40234",
}

@InProceedings{Torralba,
  author =  "W. T. Freeman and K. P. Murphy and A. Torralba",
  title =   "Sharing Visual Features for Multiclass and Multiview
         Object Detection",
  booktitle =   "MIT AIM",
  year =    "2004",
  URL =     "http://dspace.mit.edu/handle/1721.1/6736",
  bibsource =   "http://www.visionbib.com/bibliography/applicat804.html#TT74884",
}

@InProceedings{Ommer,
  author =  "B. Ommer and J. M. Buhmann",
  title =   "Learning the Compositional Nature of Visual Objects",
  booktitle =   "CVPR",
  year =    "2007",
  pages =   "1--8",
  URL =     "http://dx.doi.org/10.1109/CVPR.2007.383154",
  bibsource =   "http://www.visionbib.com/bibliography/match557.html#TT47761",
}

@Article{Leibe,
  author =  "B. Leibe and A. Leonardis and B. Schiele",
  title =   "Robust Object Detection with Interleaved
         Categorization and Segmentation",
  journal = "International Journal of Computer Vision",
  volume =  "77",
  year =    "2008",
  number =  "1-3",
  month =   may,
  pages =   "259--289",
  URL =     "http://dx.doi.org/10.1007/s11263-007-0095-3",
  bibsource =   "http://www.visionbib.com/bibliography/match541.html#TT46768",
}

@InProceedings{Ohbuchi,
  title =   "Salient local visual features for shape-based 3{D}
         model retrieval",
  author =  "R. Ohbuchi and K. Osada and T. Furuya
         and Tomohisa Banno",
  publisher =   "IEEE",
  year =    "2008",
  bibdate = "2009-03-30",
  bibsource =   "DBLP,
         http://dblp.uni-trier.de/db/conf/smi/smi2008.html#OhbuchiOFB08",
  booktitle =   "Shape Modeling International",
  crossref =    "conf/smi/2008",
  pages =   "93--102",
  URL =     "http://dx.doi.org/10.1109/SMI.2008.4547955",
}

@Book{Mumford,
  author =  "S. C. Zhu and D. Mumford",
  title =   "A Stochastic Grammar of Images",
  publisher =   "World Scientific",
  year =    "2007",
  bibsource =   "http://www.visionbib.com/bibliography/pattern638.html#TT55125",
}

@InProceedings{Ferrari1,
  author =  "V. Ferrari and T. Tuytelaars and L. J. Van Gool",
  title =   "Simultaneous Object Recognition and Segmentation by
         Image Exploration",
  booktitle =   "CLOR06",
  year =    "2006",
  pages =   "145--169",
  URL =     "http://dx.doi.org/10.1007/11957959_8",
  bibsource =   "http://www.visionbib.com/bibliography/match589.html#TT50237",
}

@InProceedings{Ferrari2,
  title =   "Integrating Multiple Model Views for Object
         Recognition",
  author =  "V. Ferrari and T. Tuytelaars and L. J. Van
         Gool",
  year =    "2004",
  bibdate = "2011-10-26",
  bibsource =   "DBLP,
         http://dblp.uni-trier.de/db/conf/cvpr/cvpr2004-2.html#FerrariTG04",
  booktitle =   "CVPR (2)",
  pages =   "105--112",
  URL =     "http://doi.ieeecomputersociety.org/10.1109/CVPR.2004.134",
}

@Article{Shok,
  author =  "A. Shokoufandeh and L. Bretzner and D. Macrini and M.
         F. Demirci and C. Jonsson and S. J. Dickinson",
  title =   "The representation and matching of categorical shape",
  journal = "Computer Vision and Image Understanding",
  volume =  "103",
  year =    "2006",
  number =  "2",
  month =   aug,
  pages =   "139--154",
  URL =     "http://www.sciencedirect.com/science/article/B6WCX-4K9C5PF-1/2/31af80573073f4ad3e52967f12d2961f",
  bibsource =   "http://www.visionbib.com/bibliography/match558.html#TT47889",
}

@inproceedings{LBP,
  title={Performance evaluation of texture measures with classification based on Kullback discrimination of distributions},
  author={T. Ojala and M. Pietikainen and D. Harwood},
  booktitle={IAPR International Conference on Computer Vision \& Image Processing},
  volume={1},
  pages={582--585},
  year={1994},
  organization={IEEE}
}

@InProceedings{ThomasFerr,
  author =  "A. Thomas and V. Ferrari and B. Leibe and T. Tuytelaars
         and B. Schiele and L. J. Van Gool",
  title =   "Towards Multi-View Object Class Detection",
  booktitle =   "CVPR",
  year =    "2006",
  pages =   "II: 1589--1596",
  URL =     "http://dx.doi.org/10.1109/CVPR.2006.311",
  bibsource =   "http://www.visionbib.com/bibliography/motion-f720.html#TT63115",
}

@Article{Fleuret,
  author =  "F. Fleuret and D. Geman",
  title =   "Coarse-to-Fine Face Detection",
  journal = "International Journal of Computer Vision",
  volume =  "41",
  year =    "2001",
  number =  "1-2",
  month =   jan,
  pages =   "85--107",
  URL =     "http://dx.doi.org/10.1023/A:1011113216584",
  bibsource =   "http://www.visionbib.com/bibliography/people899.html#TT86799",
}

@InProceedings{Rusu,
  title =   "Fast Point Feature Histograms ({FPFH}) for 3{D}
         registration",
  author =  "R. B. Rusu and N. Blodow and M. Beetz",
  publisher =   "IEEE",
  year =    "2009",
  bibdate = "2010-01-28",
  bibsource =   "DBLP,
         http://dblp.uni-trier.de/db/conf/icra/icra2009.html#RusuBB09",
  booktitle =   "ICRA",
  crossref =    "conf/icra/2009",
  pages =   "3212--3217",
  URL =     "http://dx.doi.org/10.1109/ROBOT.2009.5152473",
}

@InProceedings{Scalzo,
  author =  "F. Scalzo and J. H. Piater",
  title =   "Statistical Learning of Visual Feature Hierarchies",
  booktitle =   "IEEE Workshop on Learning in Computer Vision and
         Pattern Recognition",
  year =    "2005",
  pages =   "III: 44--44",
  URL =     "http://dx.doi.org/10.1109/CVPR.2005.532",
  bibsource =   "http://www.visionbib.com/bibliography/match574.html#TT48840",
}

@InProceedings{Lazebnik,
  author =  "S. Lazebnik and C. Schmid and J. Ponce",
  title =   "Beyond Bags of Features: Spatial Pyramid Matching for
         Recognizing Natural Scene Categories",
  booktitle =   "CVPR",
  year =    "2006",
  pages =   "II: 2169--2178",
  URL =     "http://dx.doi.org/10.1109/CVPR.2006.68",
  bibsource =   "http://www.visionbib.com/bibliography/match558.html#TT47922",
}

@InProceedings{Laptev,
  author =  "I. Laptev and M. Marszalek and C. Schmid and B.
         Rozenfeld",
  title =   "Learning realistic human actions from movies",
  booktitle =   "CVPR",
  year =    "2008",
  pages =   "1--8",
  URL =     "http://dx.doi.org/10.1109/CVPR.2008.4587756",
  bibsource =   "http://www.visionbib.com/bibliography/motion-f741.html#TT66044",
}

@InProceedings{Savarese,
  author =  "S. Savarese and F. F. Li",
  title =   "3{D} generic object categorization, localization and
         pose estimation",
  booktitle =   "ICCV",
  year =    "2007",
  pages =   "1--8",
  URL =     "http://dx.doi.org/10.1109/ICCV.2007.4408987",
  bibsource =   "http://www.visionbib.com/bibliography/active680.html#TT59485",
}

@Article{Dataset,
  author =  "Xiaobai Chen and Aleksey Golovinskiy and Thomas
         Funkhouser",
  title =   "A benchmark for {$3$D} mesh segmentation",
  journal = "ACM Transactions on Graphics",
  volume =  "28",
  number =  "3",
  pages =   "1--73",
  month =   aug,
  year =    "2009",
  CODEN =   "ATGRDF",
  doi =     "http://doi.acm.org/10.1145/1576246.1531379",
  ISSN =    "0730-0301 (print), 1557-7368 (electronic)",
  issn-l =  "0730-0301",
  bibdate = "Tue Aug 11 18:14:27 MDT 2009",
  bibsource =   "http://www.acm.org/pubs/contents/journals/tog/;
         http://www.math.utah.edu/pub/tex/bib/tog.bib",
  articleno =   "73",
  fjournal =    "ACM Transactions on Graphics",
  keywords =    "3D mesh analysis; 3D mesh segmentation",
  doi-url = "http://dx.doi.org/10.1145/1576246.1531379",
}

@inproceedings{washingtondataset,
  author    = {Kevin Lai and Liefeng Bo and Xiaofeng Ren and Dieter Fox},
  title     = {A large-scale hierarchical multi-view {RGB-D} object dataset},
  booktitle = {IEEE International Conference on Robotics and Automation, ICRA},
  year      = {2011},
  pages     = {1817-1824},
  ee        = {http://dx.doi.org/10.1109/ICRA.2011.5980382},
  bibsource = {DBLP, http://dblp.uni-trier.de}
}

@InProceedings{Marianna,
  title =   "Improving generalization for 3{D} object
         categorization with Global Structure Histograms",
  author =  "M. Madry and C. Ek and R. Detry and
         K. Hang and D. Kragic",
  publisher =   "IEEE",
  year =    "2012",
  bibdate = "2013-01-04",
  bibsource =   "DBLP,
         http://dblp.uni-trier.de/db/conf/iros/iros2012.html#MadryEDHK12",
  booktitle =   "IROS",
  crossref =    "conf/iros/2012",
  ISBN =    "978-1-4673-1737-5",
  pages =   "1379--1386",
  URL =     "http://ieeexplore.ieee.org/xpl/mostRecentIssue.jsp?punumber=6363628",
}

@InProceedings{Wessel,
  title =   "Learning the Compositional Structure of Man-Made
         Objects for 3{D} Shape Retrieval",
  author =  "R. Wessel and R. Klein",
  bibdate = "2011-02-28",
  bibsource =   "DBLP,
         http://dblp.uni-trier.de/db/conf/3dor/3dor2010.html#WesselK10",
  booktitle =   "3DOR",
  booktitle =   "Eurographics Workshop on 3{D} Object Retrieval,
         Norrk{\"o}ping, Sweden, May 2, 2010, Proceedings",
  publisher =   "Eurographics Association",
  year =    "2010",
  editor =  "M. Daoudi and T. Schreck and M.
         Spagnuolo and I. Pratikakis and R. C. Veltkamp
         and T. Theoharis",
  ISBN =    "978-3-905674-22-4",
  pages =   "39--46",
  URL =     "http://dx.doi.org/10.2312/3DOR/3DOR10/039-046",
}

@incollection{aktas2014graph,
  title={A Graph Theoretic Approach for Object Shape Representation in Compositional Hierarchies Using a Hybrid Generative-Descriptive Model},
  author={Aktas, Umit Rusen and Ozay, Mete and Leonardis, Ale{\v{s}} and Wyatt, Jeremy L},
  booktitle={Computer Vision--ECCV 2014},
  pages={566--581},
  year={2014},
  publisher={Springer}
}

@book{besl1988surfaces,
  title={Surfaces in range image understanding},
  author={Besl, Paul J},
  year={1988},
  publisher={Springer-Verlag New York, Inc.}
}

@inproceedings{tabia2014covariance,
  title={Covariance descriptors for 3d shape matching and retrieval},
  author={Tabia, Hedi and Laga, Hamid and Picard, David and Gosselin, Philippe-Henri},
  booktitle={Computer Vision and Pattern Recognition (CVPR), 2014 IEEE Conference on},
  pages={4185--4192},
  year={2014},
  organization={IEEE}
}

@article{krsek1998algorithms,
  title={Algorithms for computing curvatures from range data},
  author={Krsek, Pavel and Luk{\'a}cs, Gabor and Martin, RR},
  journal={the Mathematics of Surfaces VIII},
  pages={1--16},
  year={1998},
  publisher={Citeseer}
}

@InProceedings{Kazhdan,
  editor =  "L. Kobbelt and Pe. Schr{\"o}der and H. Hoppe",
  booktitle =   "{P}roceedings of the {E}urographics/{ACM} {SIGGRAPH}
         {S}ymposium on {G}eometry {P}rocessing",
  year =    "2003",
  ISSN =    "1727-8384",
  address = "Aachen, Germany",
  ISBN =    "3-905673-06-1",
  pages =   "156--165",
  location =    "Aachen, Germany",
  publisher =   "Eurographics Association",
  URL =     "http://www.eg.org/EG/DL/WS/SGP03/156-165-kazhdan-paper.pdf",
  title =   "Rotation Invariant Spherical Harmonic Representation
         of 3{D} Shape Descriptors",
  author =  "M. Kazhdan and T. Funkhouser and S.
         Rusinkiewicz",
}

@inproceedings{ZhangChen,
  title={Efficient feature extraction for 2D/3D objects in mesh representation},
  author={C. Zhang and T Chen},
  booktitle={International Conference on Image Processing},
  volume={3},
  pages={935--938},
  year={2001},
  organization={IEEE}
}

@InProceedings{LiYZha,
  author =  "Y. Liu and H. B. Zha and H. Qin",
  title =   "Shape Topics: {A} Compact Representation and New
         Algorithms for 3{D} Partial Shape Retrieval",
  booktitle =   "CVPR",
  year =    "2006",
  pages =   "II: 2025--2032",
  URL =     "http://dx.doi.org/10.1109/CVPR.2006.278",
  bibsource =   "http://www.visionbib.com/bibliography/applicat813.html#TT76208",
}

@incollection{JanisBag,
  title={A bag of features approach for 3D shape retrieval},
  author={J. Fehr and A. Streicher, H. Burkhardt},
  booktitle={Advances in Visual Computing},
  pages={34--43},
  year={2009},
  publisher={Springer}
}


@InProceedings{princeton,
  title =   "The {P}rinceton Shape Benchmark",
  author =  "P. Shilane and P. Min and M. M. Kazhdan
         and Thomas A. Funkhouser",
  publisher =   "IEEE Computer Society",
  year =    "2004",
  bibdate = "2005-01-24",
  bibsource =   "DBLP,
         http://dblp.uni-trier.de/db/conf/smi/smi2004.html#ShilaneMKF04",
  booktitle =   "Shape Modeling International",
  crossref =    "conf/smi/2004",
  ISBN =    "0-7695-2075-8",
  pages =   "167--178",
  URL =     "http://doi.ieeecomputersociety.org/10.1109/SMI.2004.63",
}

@Article{PaquetMurching,
  author =  "E. Paquet and M. Rioux and A. Murching and T. Naveen
         and A. Tabatabai",
  title =   "Description of shape information for 2-{D} and 3-{D}
         objects",
  journal = "SP:IC",
  volume =  "16",
  year =    "2000",
  number =  "1-2",
  month =   sep,
  pages =   "103--122",
  URL =     "http://www.sciencedirect.com/science/article/B6V08-4106FSF-9/2/44f0cdef5f1ae49e75a21083fa868901",
  bibsource =   "http://www.visionbib.com/bibliography/describe434.html#TT36450",
}

@inproceedings{ColorSIFT,
  title={A new color SIFT descriptor and methods for image category classification},
  author={A. Verma and S. Banerji and C. Liu},
  booktitle={International Congress on Computer Applications and Computational Science, Singapore, December},
  pages={4--6},
  year={2010}
}

@Article{Corney,
  title =   "Coarse Filters for Shape Matching",
  author =  "J. R. Corney and H. J. Rea and D. E. R.
         Clark and J. Pritchard and M. Breaks and R.
         MacLeod",
  journal = "IEEE Computer Graphics and Applications",
  year =    "2002",
  number =  "3",
  volume =  "22",
  bibdate = "2011-10-25",
  bibsource =   "DBLP,
         http://dblp.uni-trier.de/db/journals/cga/cga22.html#CorneyRCPBM02",
  pages =   "65--74",
  URL =     "http://doi.ieeecomputersociety.org/10.1109/MCG.2002.999789",
}

@Article{Fischler,
  author =  "M. A. Fischler and R. A. Elschlager",
  title =   "The Representation and Matching of Pictorial
         Structures",
  journal = "IEEE Trans. Computer",
  volume =  "22",
  year =    "1973",
  number =  "1",
  month =   jan,
  pages =   "67--92",
  bibsource =   "http://www.visionbib.com/bibliography/match557.html#TT47635",
}

@InProceedings{Marton,
  title =   "General 3{D} modelling of novel objects from a single
         view",
  author =  "Z. C. Marton and D. Pangercic and N.
         Blodow and J. Kleinehellefort and M. Beetz",
  publisher =   "IEEE",
  year =    "2010",
  bibdate = "2011-08-26",
  bibsource =   "DBLP,
         http://dblp.uni-trier.de/db/conf/iros/iros2010.html#MartonPBKB10",
  booktitle =   "IROS",
  crossref =    "conf/iros/2010",
  ISBN =    "978-1-4244-6674-0",
  pages =   "3700--3705",
  URL =     "http://dx.doi.org/10.1109/IROS.2010.5650434",
}

@Article{Justus,
  author =  "R. Detry and N. Pugeault and J. H. Piater",
  title =   "A Probabilistic Framework for 3{D} Visual Object
         Representation",
  journal = "IEEE Trans. Pattern Analysis and Machine
         Intelligence",
  volume =  "31",
  year =    "2009",
  number =  "10",
  month =   oct,
  pages =   "1790--1803",
  URL =     "http://dx.doi.org/10.1109/TPAMI.2009.64",
  bibsource =   "http://www.visionbib.com/bibliography/match-pl539.html#TT46612",
}

@InProceedings{RusuBradski,
  title =   "Fast 3{D} recognition and pose using the Viewpoint
         Feature Histogram",
  author =  "R. B. Rusu and G. R. Bradski and R.
         Thibaux and J. Hsu",
  publisher =   "IEEE",
  year =    "2010",
  bibdate = "2011-08-26",
  bibsource =   "DBLP,
         http://dblp.uni-trier.de/db/conf/iros/iros2010.html#RusuBTH10",
  booktitle =   "IROS",
  crossref =    "conf/iros/2010",
  ISBN =    "978-1-4244-6674-0",
  pages =   "2155--2162",
  URL =     "http://dx.doi.org/10.1109/IROS.2010.5651280",
}

@InProceedings{Reuter,
  title =   "Laplace-spectra as fingerprints for shape matching",
  author =  "M. Reuter and F.-E. Wolter and N.
         Peinecke",
  bibdate = "2006-02-15",
  bibsource =   "DBLP,
         http://dblp.uni-trier.de/db/conf/sma/spm2005.html#ReuterWP05",
  booktitle =   "Symposium on Solid and Physical Modeling",
  booktitle =   "Proceedings of the Ninth {ACM} Symposium on Solid and
         Physical Modeling 2005, Cambridge, Massachusetts,
         {USA}, June 13-15, 2005",
  publisher =   "ACM",
  year =    "2005",
  editor =  "Leif Kobbelt and Vadim Shapiro",
  ISBN =    "1-59593-015-9",
  pages =   "101--106",
  URL =     "http://doi.acm.org/10.1145/1060244.1060256",
}

@InProceedings{Song,
  title =   "Contextualizing object detection and classification",
  author =  "Z. Song and Q. Chen and Z. Huang and Y.
         Hua and S. Yan",
  publisher =   "IEEE",
  year =    "2011",
  bibdate = "2011-08-23",
  bibsource =   "DBLP,
         http://dblp.uni-trier.de/db/conf/cvpr/cvpr2011.html#SongCHHY11",
  booktitle =   "CVPR",
  crossref =    "conf/cvpr/2011",
  pages =   "1585--1592",
  URL =     "http://dx.doi.org/10.1109/CVPR.2011.5995330",
}

@PHDTHESIS{spin,
  title =   "Spin-images: a representation for 3-D surface matching",
  author =  "A. E. Johnson",
  school =   "Microsoft Research",
  year =    "1997",

}

@incollection{salti2011use,
  title={On the use of implicit shape models for recognition of object categories in 3D data},
  author={S. Salti and F. Tombari and L. Di Stefano},
  booktitle={Computer Vision--ACCV 2010},
  pages={653--666},
  year={2011},
  publisher={Springer}
}

@InProceedings{Domen12,
  title =   "Learning statistically relevant edge structure
         improves low-level visual descriptors",
  author =  "D. Tabernik and M. Kristan and M. Boben and
         A. Leonardis",
  publisher =   "IEEE",
  year =    "2012",
  bibdate = "2013-02-22",
  bibsource =   "DBLP,
         http://dblp.uni-trier.de/db/conf/icpr/icpr2012.html#TabernikKBL12",
  booktitle =   "ICPR",
  crossref =    "conf/icpr/2012",
  ISBN =    "978-1-4673-2216-4",
  pages =   "1471--1474",
  URL =     "http://ieeexplore.ieee.org/xpl/mostRecentIssue.jsp?punumber=6425799",
}

@InProceedings{conf/icra/Gonzalez,
  title =   "Towards shape-based visual object categorization for
         humanoid robots",
  author =  "D. I. Gonzalez-Aguirre and J. Hoch and
         S. R{\"o}hl and T. Asfour and E.
         Bayro-Corrochano and R. Dillmann",
  publisher =   "IEEE",
  year =    "2011",
  bibdate = "2012-04-18",
  bibsource =   "DBLP,
         http://dblp.uni-trier.de/db/conf/icra/icra2011.html#Gonzalez-AguirreHRABD11",
  booktitle =   "ICRA",
  crossref =    "conf/icra/2011",
  pages =   "5226--5232",
  URL =     "http://dx.doi.org/10.1109/ICRA.2011.5980065",
}

@InProceedings{conf/humanoids/MartonPRHB10,
  title =   "Hierarchical object geometric categorization and
         appearance classification for mobile manipulation",
  author =  "Z.-C. Marton and D. Pangercic and R.
         B. Rusu and A. Holzbach and M. Beetz",
  publisher =   "IEEE",
  year =    "2010",
  bibdate = "2012-05-12",
  bibsource =   "DBLP,
         http://dblp.uni-trier.de/db/conf/humanoids/humanoids2010.html#MartonPRHB10",
  booktitle =   "Humanoids",
  crossref =    "conf/humanoids/2010",
  ISBN =    "978-1-4244-8688-5",
  pages =   "365--370",
  URL =     "http://ieeexplore.ieee.org/xpl/mostRecentIssue.jsp?punumber=5679985",
}

@InProceedings{conf/icra/AleottiRC12,
  title =   "Object categorization and grasping by parts from range
         scan data",
  author =  "J. Aleotti and D. L. Rizzini and S.
         Caselli",
  publisher =   "IEEE",
  year =    "2012",
  bibdate = "2012-07-19",
  bibsource =   "DBLP,
         http://dblp.uni-trier.de/db/conf/icra/icra2012.html#AleottiRC12",
  booktitle =   "ICRA",
  crossref =    "conf/icra/2012",
  ISBN =    "978-1-4673-1403-9",
  pages =   "4190--4196",
  URL =     "http://ieeexplore.ieee.org/xpl/mostRecentIssue.jsp?punumber=6215071",
}

@article{besl1986invariant,
  title={Invariant surface characteristics for 3D object recognition in range images},
  author={Besl, Paul J and Jain, Ramesh C},
  journal={Computer vision, graphics, and image processing},
  volume={33},
  number={1},
  pages={33--80},
  year={1986},
  publisher={Elsevier}
}

@article{huynh2009metrics,
  title={Metrics for 3D rotations: Comparison and analysis},
  author={Huynh, Du Q},
  journal={Journal of Mathematical Imaging and Vision},
  volume={35},
  number={2},
  pages={155--164},
  year={2009},
  publisher={Springer}
}

@article{biederman1987recognition,
  title={Recognition-by-components: a theory of human image understanding.},
  author={Biederman, Irving},
  journal={Psychological review},
  volume={94},
  number={2},
  pages={115},
  year={1987},
  publisher={American Psychological Association}
}

@inproceedings{pratikakis2010learning,
  title={Learning the compositional structure of man-made objects for 3d shape retrieval},
  author={Pratikakis, I and Spagnuolo, M and Theoharis, T and Veltkamp, R},
  booktitle={Eurographics Workshop on 3D Object Retrieval},
  year={2010}
}

@article{hu2015learning,
  title={Learning 3d object templates by quantizing geometry and appearance spaces},
  author={Hu, Wenze and Zhu, Song-Chun},
  journal={Pattern Analysis and Machine Intelligence, IEEE Transactions on},
  volume={37},
  number={6},
  pages={1190--1205},
  year={2015},
  publisher={IEEE}
}

@inproceedings{wu20153d,
  title={3d shapenets: A deep representation for volumetric shapes},
  author={Wu, Zhirong and Song, Shuran and Khosla, Aditya and Yu, Fisher and Zhang, Linguang and Tang, Xiaoou and Xiao, Jianxiong},
  booktitle={Proceedings of the IEEE Conference on Computer Vision and Pattern Recognition},
  pages={1912--1920},
  year={2015}
}

@InProceedings{Su_2015_ICCV,
author = {Su, Hang and Maji, Subhransu and Kalogerakis, Evangelos and Learned-Miller, Erik},
title = {Multi-View Convolutional Neural Networks for 3D Shape Recognition},
booktitle = {The IEEE International Conference on Computer Vision (ICCV)},
month = {December},
year = {2015}
}

@inproceedings{taubin1995estimating,
  title={Estimating the tensor of curvature of a surface from a polyhedral approximation},
  author={Taubin, Gabriel},
  booktitle={Computer Vision, 1995. Proceedings., Fifth International Conference on},
  pages={902--907},
  year={1995},
  organization={IEEE}
}

@article{davies1979cluster,
  title={A cluster separation measure},
  author={Davies, David L and Bouldin, Donald W},
  journal={Pattern Analysis and Machine Intelligence, IEEE Transactions on},
  number={2},
  pages={224--227},
  year={1979},
  publisher={IEEE}
}
