@inproceedings{gratal:irosws10,
  title={Scene representation and object grasping using active vision},
  author={Gratal, Xavi and Bohg, Jeannette and Bj{\"o}rkman, M{\aa}rten and Kragic, Danica},
  booktitle={IROS?10 Workshop on Defining and Solving Realistic Perception Problems in Personal Robotics},
  year={2010}
}

@INPROCEEDINGS{Santaera:ICRA:2015,
  author    = {Gaspare Santaera and Emanuele Luberto and Alessandro Serio and
               Marco Gabiccini and Antonio Bicchi},
  title     = {{Low-cost, Fast and Accurate Reconstruction of Robotic and Human Postures via IMU Measurements}},
  booktitle =  ICRA,
  year      = {2015},
  address   = {Seattle, USA},
  month     = {May}
}

@INPROCEEDINGS {Adaptive1989Balestrino,
	title = {Adaptive Surface Following and Reconstruction Using Intrinsic Tactile Sensing},
	booktitle = {Proc. IEEE Int. Works. on Sensorial Integration for Industrial Robots},
	year = {1989},
	address = {Zaragoza, Spain},
	author = {A. Balestrino and A. Bicchi}
}

@INPROCEEDINGS{Prescribed2009Bechlioulis,
  author = {Bechlioulis, C. and Doulgeri, Z. and Rovithakis, G.}, 
  booktitle = {Proc. IEEE Control App. \& Intelligent Control}, 
  title = {Prescribed performance adaptive control for robot force/position tracking}, 
  year = {2009}, 
  month = {July}, 
  pages = {920-925},
  address = {St. Petersburg}
}

@INPROCEEDINGS {Rosales2014Active,
  title = {{Active gathering of frictional properties from objects}},
  booktitle = {Proc. IEEE/RSJ Intl Conf. on Intelligent Robots and Systems},
  year = {2014},
  pages = {3982 - 3987},
  author = {C. Rosales and A. Ajoudani and M Gabiccini and A. Bicchi}
}

@INPROCEEDINGS {MadgwickMARG,
  title = {Estimation of IMU and MARG orientation using a gradient descent algorithm},
  booktitle = {Proc. IEEE/RSJ Intl Conf. on Rehabilitation Robotics},
  year = {2011},
  publisher = {IEEE},
  address = {Zurich, Switzerland},
  author = {S. Madgwick and A. Harrison and Ravi Vaidyanathan}
}

@ARTICLE{hornung13auro,
  author = {Armin Hornung and Kai M. Wurm and Maren Bennewitz and Cyrill
  Stachniss and Wolfram Burgard},
  title = {{OctoMap}: An Efficient Probabilistic {3D} Mapping Framework Based
  on Octrees},
  journal = {Autonomous Robots},
  year = 2013,
  note = {software available at http://octomap.github.com},
}

@INPROCEEDINGS{bohg:icra11,
  title = {{Mind the Gap - Robotic Grasping under Incomplete Observation}},
  author = {Jeannette Bohg and Matthew Johnson-Roberson and Beatriz
Le\'{o}n and Javier Felip and Xavi Gratal and Niklas Bergstr{\"o}m and
Danica Kragic and Antonio Morales},
  booktitle = {Proceedings of the 2011 IEEE
International Conference on Robotics and Automation},
  adress = {Shanghai, China},
  month = {May},
  year = {2011},
  note = {To appear.}
}

@ARTICLE{nunez2013models,
  title={Models of gaze control for manipulation tasks},
  author={Nunez-Varela, Jose and Wyatt, Jeremy L},
  journal={ACM Transactions on Applied Perception},
  volume={10},
  number={4},
  pages={20},
  year={2013},
  publisher={ACM}
}

@misc{MPU9250,
	Note = {Accessed 23-February-2015},
	Title = {MPU9250 Datasheet and Register Map Page},
	Url = {http://www.invensense.com/mems/gyro/mpu9250.html},
}

@misc{PSOC5LP,
	Note = {Accessed 23-February-2015},
	Title = {PSoC 5LP Development Kit},
	Url = {http://www.cypress.com/?rid=51577},
}

@misc{Serial_USB,
	Note = {Accessed 23-February-2015},
	Title = {Serial - USB converter datasheet},
	Url = {http://www.droids.it/data_sheets/990.004\%20datasheet.pdf},
}

@misc{Ros_homepage,
	Note = {Accessed 23-February-2015},
	Title = {ROS Home Page},
	Url = {http://www.ros.org/},
}

@misc{FDTI_homepage,
	Note = {Accessed 23-February-2015},
	Title = {FTDI Chip Home Page},
	Url = {http://www.ftdichip.com},
}

@misc{PACMAN_datasets,
  Note = {Accessed 23-February-2015},
  Title = {{PaCMan} object datasets},
  Url = {http://www.pacman-project.eu/datasets/},
}


@inproceedings{Kra11Aut,
    Author = {Krainin, M. and Curless, B. and Fox, D.},
    Title = {Autonomous Generation of Complete {3D} Object Models Using Next Best View Manipulation Planning},
    Booktitle = {Proc.~of the IEEE Int. Conf. on Robotics \& Automation},
    Year = {2011},
} 

@inproceedings{Song2012Object,
    author = {Song, Xiaojing and Liu, Hongbin and Bimbo, Joao and Althoefer, K. and Seneviratne, Lakmal D.},
    booktitle = {World Automation Congress (WAC), 2012},
    pages = {1--5},
    title = {Object surface classificaiton based on friction properties for intelligent robotic hands},
    year = {2012}
}

@article{Petrovskaya2011Global,
    author = {Petrovskaya, Anna and Khatib, Oussama},
    journal = {IEEE Transactions on Robotics},
    number = {3},
    pages = {569--585},
    title = {Global Localization of Objects via Touch},
    volume = {27},
    year = {2011}
}

@inproceedings{Bimbo2013Combining,
    author = {Bimbo, J. and Seneviratne, Lakmal D. and Althoefer, Kaspar and Liu, Hongbin},
    booktitle = {2013 IEEE/RSJ Intl. Conf. on Intelligent Robots and Systems},
    pages = {4021--4026},
    title = {Combining touch and vision for the estimation of an object's pose during manipulation},
    year = {2013}
}

@inproceedings{Serio2014Tactile,
    author = {Serio, Alessandro and Bianchi, Matteo and Gabiccini, Marco and Bicchi, Antonio},
    booktitle = {In Proc. of the 2014 IEEE Haptics Symposium},
    pages = {1},
    title = {[D94] The tactile toolbox},
    year = {2014}
}

@InProceedings{Ilonen2013Fusing,
  author  = {Ilonen, J. and Bohg, J. and Kyrki, V.},
  booktitle = {Proc. of the IEEE Int. Conf. on Robotics \& Automation},
  pages   = {3547--3554},
  title   = {Fusing visual and tactile sensing for {3-D} object
      reconstruction while grasping},
  year    = {2013}
}

@InProceedings{Chalon2013Online,
  author  = {Chalon, Maxime and Reinecke, Jens and Pfanne, Martin},
  booktitle = {Proc. of the IEEE/RSJ Int. Conf. on Intelligent Robots and Systems},
  pages   = {2977--2984},
  title   = {Online in-hand object localization},
  year    = {2013}
}

@InProceedings{   bajcsy1984what,
  author  = {Bajcsy, Ruzena},
  booktitle = {Int. Symp. on Robotics Research},
  title   = {What Can We Learn from One Finger Experiments?},
  year    = {1984}
}

@Book{Rasmussen2006Gaussian,
  author  = {Rasmussen, Carl E. and Williams, Christopher K. I.},
  howpublished  = {www.gaussianprocess.org/gpml/},
  publisher = {The MIT Press},
  title   = {Gaussian Processes for Machine Learning},
  year    = {2006}
}

@Article{Bicchi1993Contact,
  author  = {Bicchi, Antonio and Salisbury, J. Kenneth and Brock, David
      L.},
  journal = {The Int. J. of Robotics Research},
  number  = {3},
  pages   = {249--262},
  title   = {Contact Sensing from Force Measurements},
  volume  = {12},
  year    = {1993}
}

@article{Cappozzo1995,
  Author = {Cappozzo, A. and Catani, F. and Della Croce, U. and Leardini, A.},
  Journal = {Clinical Biomechanics},
  Number = {4},
  Pages = {171-178},
  Source = {Scopus},
  Title = {Position and orientation in space of bones during movement: Anatomical frame definition and determination},
  Volume = {10},
  Year = {1995}
}

@article{Lucchetti1998,
  Author = {Lucchetti, L. and Cappozzo, A. and Cappello, A. and Della Croce, U.},
  Journal = {Journal of Biomechanics},
  Number = {11},
  Pages = {977-984},
  Source = {Scopus},
  Title = {Skin movement artefact assessment and compensation in the estimation of knee-joint kinematics},
  Volume = {31},
  Year = {1998}
}