@online{webkuka,
author = {KUKA Robotics},
url = {http://www.kuka-robotics.com/}
}

@online{webros,
author = {Open Source Robotics Foundation},
title = {Robot Operating System},
url = {http://wiki.ros.org/}
}

@online{webgazebo,
author = {Open Source Robotics Foundation},
title = {Gazebo Simulator},
url = {http://gazebosim.org/}
}

@online{webkdl,
author = {University of KU Leuven (Belgium)},
title = {Kinematics and Dynamics Library (KDL)},
url = {http://docs.ros.org/indigo/api/orocos_kdl/html/namespaceKDL.html}
}

@book{siciliano09,
author = {Siciliano,B. and Sciavicco,L. and Villani,L. and Oriolo,G.},
title = {Robotics: Modelling, Planning and Control},
year = {2009},
publisher = {Springer}
}

@misc{bicchi13,
author = {Bicchi,A.},
title = {Appunti tratti dal corso di Robotica II},
year = {2013}
}


@article{khatib87,
author = {Khatib,O.},
title = {A Unified Approach for Motion and Force Control of Robot Manipulators: The Operational Space Formulation},
journaltitle = {IEEE Journal of Robotics and Automation},
year = {1987}
}

@article{mansardICAR09,
author = {Mansard,N. and Stasse,O. and Evrard,P. and Kheddar,A.},
title = {A Versatile Generalized Inverted Kinematics Implementation for Collaborative Working Humanoid Robots: The Stack of Tasks},
journaltitle = {International Conference on Advanced Robotics (ICAR)},
year = {2009}
}

@article{mansardIEEE09,
author = {Mansard,M. and Khatib,O. and Kheddar,A.},
title = {A Unified Approach to Integrate Unilateral Constraints in the Stack of Tasks},
journaltitle = {IEEE Transactions on Robotics},
year = {2009}
}

@inproceedings{ajoudani13,
author = {Ajoudani,A. and Gabiccini,M. and Tsagarakis,NG. and Bicchi,A.},
title = {Human-Like Impedance and Minimum Effort Control for Natural and Efficient Manipulation},
booktitle = {IEEE International Conference on Robotics and Automation (ICRA)},
year = {2013}
}

@article{parravega03,
author = {Parra-Vega,V. and Arimoto,S. and Liu,Y.H. and Hirzinger,G. and Akella,P.},
title = {Dynamic Sliding PID Control for Tracking of Robot Manipulators: Theory},
journaltitle = {IEEE Transactions on Robotics},
year = {2003},
}

@article{gabiccini09,
author = {Gabiccini,M. and Bracci,A. and De Carli,D. and Fredianelli,M. and Bicchi,A.},
title = {Explicit Lagrangian Formulation of the Dynamic Regressors for Serial Manipulators},
journaltitle = {IEEE International Conference on Robotics and Automation (ICRA)},
year = {2009},
}

@inproceedings{levant06,
author = {Levant,A.},
title = {Exact Differentiation of Signals with Unbounded Higher Derivatives},
booktitle = {IEEE Conference on Decision and Control},
year = {2006},
}








