% This file was created with JabRef 2.10b2.
% Encoding: UTF-8


@InProceedings{ajoudani13,
  Title                    = {Human-Like Impedance and Minimum Effort Control for Natural and Efficient Manipulation},
  Author                   = {Ajoudani,A. and Gabiccini,M. and Tsagarakis,NG. and Bicchi,A.},
  Booktitle                = {IEEE International Conference on Robotics and Automation (ICRA)},
  Year                     = {2013}
}

@Misc{bicchi13,
  Title                    = {Appunti tratti dal corso di Robotica II},

  Author                   = {Bicchi,A.},
  Year                     = {2013}
}

@Other{webgazebo,
  Title                    = {Gazebo Simulator},
  Author                   = {Open Source Robotics Foundation},
  Url                      = {http://gazebosim.org/}
}

@Other{webros,
  Title                    = {Robot Operating System},
  Url                      = {http://wiki.ros.org/}
}

@Article{gabiccini09,
  Title                    = {Explicit Lagrangian Formulation of the Dynamic Regressors for Serial Manipulators},
  Author                   = {Gabiccini,M. and Bracci,A. and De Carli,D. and Fredianelli,M. and Bicchi,A.},
  Year                     = {2009},

  Journaltitle             = {IEEE International Conference on Robotics and Automation (ICRA)}
}

@Article{khatib87,
  Title                    = {A Unified Approach for Motion and Force Control of Robot Manipulators: The Operational Space Formulation},
  Author                   = {Khatib,O.},
  Year                     = {1987},

  Journaltitle             = {IEEE Journal of Robotics and Automation}
}

@Other{webkdl,
  Title                    = {Kinematics and Dynamics Library (KDL)},
  Author                   = {University of KU Leuven (Belgium)},
  Url                      = {http://docs.ros.org/indigo/api/orocos_kdl/html/namespaceKDL.html}
}

@InProceedings{levant06,
  Title                    = {Exact Differentiation of Signals with Unbounded Higher Derivatives},
  Author                   = {Levant,A.},
  Booktitle                = {IEEE Conference on Decision and Control},
  Year                     = {2006}
}

@Article{mansardIEEE09,
  Title                    = {A Unified Approach to Integrate Unilateral Constraints in the Stack of Tasks},
  Author                   = {Mansard,M. and Khatib,O. and Kheddar,A.},
  Year                     = {2009},

  Journaltitle             = {IEEE Transactions on Robotics}
}

@Article{mansardICAR09,
  Title                    = {A Versatile Generalized Inverted Kinematics Implementation for Collaborative Working Humanoid Robots: The Stack of Tasks},
  Author                   = {Mansard,N. and Stasse,O. and Evrard,P. and Kheddar,A.},
  Year                     = {2009},

  Journaltitle             = {International Conference on Advanced Robotics (ICAR)}
}

@Article{parravega03,
  Title                    = {Dynamic Sliding PID Control for Tracking of Robot Manipulators: Theory},
  Author                   = {Parra-Vega,V. and Arimoto,S. and Liu,Y.H. and Hirzinger,G. and Akella,P.},
  Year                     = {2003},

  Journaltitle             = {IEEE Transactions on Robotics}
}

@Other{webkuka,
  Author                   = {KUKA Robotics},
  Url                      = {http://www.kuka-robotics.com/}
}

@Book{siciliano09,
  Title                    = {Robotics: Modelling, Planning and Control},
  Author                   = {Siciliano,B. and Sciavicco,L. and Villani,L. and Oriolo,G.},
  Publisher                = {Springer},
  Year                     = {2009}
}

@Manual{kukafri,
  Title                    = {KUKA Fast Research Interface 1.0},
  Author                   = {KUKA Robotics},
  Year                     = {2011}
}

@misc{PACMAN_software,
  Note = {Accessed 23-February-2015},
  Title = {{PaCMan} software},
  Url = {http://www.pacman-project.eu/software/},
}

@article{Catalano2014Adaptive,
  author = {Catalano, M. G. and Grioli, G. and Farnioli, E. and Serio, A. and Piazza, C. and Bicchi, A.},
  journal = {The International Journal of Robotics Research},
  number = {5},
  pages = {768--782},
  title = {Adaptive synergies for the design and control of the {Pisa/IIT} {SoftHand}},
  volume = {33},
  year = {2014}
}

@misc{qbrobotics_software,
  Note = {Accessed 23-February-2015},
  Title = {{qbrobotics} software},
  Url = {https://github.com/qbrobotics},
}

@inproceedings{Asfour2008KITHead,
  author = {T. Asfour and K. Welke and P. Azad and A. Ude and R. Dillmann},
  title = {The Karlsruhe Humanoid Head},
  booktitle = {IEEE/RAS International Conference on Humanoid Robots},
  year = {2008},
  pages = {447--453}
}

@INPROCEEDINGS{Santaera:ICRA:2015,
  author    = {Gaspare Santaera and Emanuele Luberto and Alessandro Serio and
               Marco Gabiccini and Antonio Bicchi},
  title     = {{Low-cost, Fast and Accurate Reconstruction of Robotic and Human Postures via IMU Measurements}},
  booktitle =  ICRA,
  year      = {2015},
  address   = {Seattle, USA},
  month     = {May}
}

@INPROCEEDINGS {Adaptive1989Balestrino,
  title = {Adaptive Surface Following and Reconstruction Using Intrinsic Tactile Sensing},
  booktitle = {Proc. IEEE Int. Works. on Sensorial Integration for Industrial Robots},
  year = {1989},
  address = {Zaragoza, Spain},
  author = {A. Balestrino and A. Bicchi}
}

@INPROCEEDINGS{Prescribed2009Bechlioulis,
  author = {Bechlioulis, C. and Doulgeri, Z. and Rovithakis, G.}, 
  booktitle = {Proc. IEEE Control App. \& Intelligent Control}, 
  title = {Prescribed performance adaptive control for robot force/position tracking}, 
  year = {2009}, 
  month = {July}, 
  pages = {920-925},
  address = {St. Petersburg}
}

@INPROCEEDINGS {Rosales2014Active,
  title = {{Active gathering of frictional properties from objects}},
  booktitle = {Proc. IEEE/RSJ Intl Conf. on Intelligent Robots and Systems},
  year = {2014},
  pages = {3982 - 3987},
  author = {C. Rosales and A. Ajoudani and M Gabiccini and A. Bicchi}
}

@INPROCEEDINGS {MadgwickMARG,
  title = {Estimation of IMU and MARG orientation using a gradient descent algorithm},
  booktitle = {Proc. IEEE/RSJ Intl Conf. on Rehabilitation Robotics},
  year = {2011},
  publisher = {IEEE},
  address = {Zurich, Switzerland},
  author = {S. Madgwick and A. Harrison and Ravi Vaidyanathan}
}

@ARTICLE{hornung13auro,
  author = {Armin Hornung and Kai M. Wurm and Maren Bennewitz and Cyrill
  Stachniss and Wolfram Burgard},
  title = {{OctoMap}: An Efficient Probabilistic {3D} Mapping Framework Based
  on Octrees},
  journal = {Autonomous Robots},
  year = 2013,
  url = {http://octomap.github.com},
  doi = {10.1007/s10514-012-9321-0},
  note = {Software available at \url{http://octomap.github.com}}
}

@INPROCEEDINGS{bohg:icra11,
  title = {{Mind the Gap - Robotic Grasping under Incomplete Observation}},
  author = {Jeannette Bohg and Matthew Johnson-Roberson and Beatriz
Le\'{o}n and Javier Felip and Xavi Gratal and Niklas Bergstr{\"o}m and
Danica Kragic and Antonio Morales},
  booktitle = {Proceedings of the 2011 IEEE
International Conference on Robotics and Automation},
  adress = {Shanghai, China},
  month = {May},
  year = {2011},
  note = {To appear.}
}

@ARTICLE{nunez2013models,
  title={Models of gaze control for manipulation tasks},
  author={Nunez-Varela, Jose and Wyatt, Jeremy L},
  journal={ACM Transactions on Applied Perception (TAP)},
  volume={10},
  number={4},
  pages={20},
  year={2013},
  publisher={ACM}
}

@misc{MPU9250,
  Note = {Accessed 23-February-2015},
  Title = {MPU9250 Datasheet and Register Map Page},
  Url = {http://www.invensense.com/mems/gyro/mpu9250.html},
}

@misc{PSOC5LP,
  Note = {Accessed 23-February-2015},
  Title = {PSoC 5LP Development Kit},
  Url = {http://www.cypress.com/?rid=51577},
}

@misc{Serial_USB,
  Note = {Accessed 23-February-2015},
  Title = {Serial - USB converter datasheet},
  Url = {http://www.droids.it/data_sheets/990.004\%20datasheet.pdf},
}

@misc{Ros_homepage,
  Note = {Accessed 23-February-2015},
  Title = {ROS Home Page},
  Url = {http://www.ros.org/},
}

@misc{FDTI_homepage,
  Note = {Accessed 23-February-2015},
  Title = {FTDI Chip Home Page},
  Url = {http://www.ftdichip.com},
}

@misc{PACMAN_datasets,
  Note = {Accessed 23-February-2015},
  Title = {{PaCMan} object datasets},
  Url = {http://www.pacman-project.eu/datasets/},
}


@inproceedings{Kra11Aut,
    Author = {Krainin, M. and Curless, B. and Fox, D.},
    Title = {Autonomous Generation of Complete {3D} Object Models Using Next Best View Manipulation Planning},
    Booktitle = {Proc.~of the IEEE International Conference on Robotics \& Automation (ICRA)},
    Year = {2011},
} 

@inproceedings{Song2012Object,
    author = {Song, Xiaojing and Liu, Hongbin and Bimbo, Joao and Althoefer, K. and Seneviratne, Lakmal D.},
    booktitle = {World Automation Congress (WAC), 2012},
    pages = {1--5},
    title = {Object surface classificaiton based on friction properties for intelligent robotic hands},
    year = {2012}
}

@article{Petrovskaya2011Global,
    author = {Petrovskaya, Anna and Khatib, Oussama},
    journal = {IEEE Transactions on Robotics},
    number = {3},
    pages = {569--585},
    title = {Global Localization of Objects via Touch},
    volume = {27},
    year = {2011}
}

@inproceedings{Bimbo2013Combining,
    author = {Bimbo, J. and Seneviratne, Lakmal D. and Althoefer, Kaspar and Liu, Hongbin},
    booktitle = {2013 IEEE/RSJ Intl. Conf. on Intelligent Robots and Systems},
    pages = {4021--4026},
    title = {Combining touch and vision for the estimation of an object's pose during manipulation},
    year = {2013}
}

@inproceedings{Serio2014Tactile,
    author = {Serio, Alessandro and Bianchi, Matteo and Gabiccini, Marco and Bicchi, Antonio},
    booktitle = {In Proc. of the 2014 IEEE Haptics Symposium},
    pages = {1},
    title = {[D94] The tactile toolbox},
    year = {2014}
}