@UNPUBLISHED{Gabiccini:RSS:2015,
  author =       {Marco Gabiccini and Alessio Artoni and Gabriele Pannocchia and Joris Gillis},
  title =        {A Computational Framework for Environment-Aware Robotic Manipulation Planning},
  note =         {Under review},
  year =         {2015}
}

@INPROCEEDINGS{Bonilla:Humanoids:2015,
  author =       {Manuel Bonilla and Edoardo Farnioli and Cristina Piazza and Manuel Catalano
                  and Giorgio Grioli and Manolo Garabini and Marco Gabiccini and Antonio Bicchi},
  title =        {Grasping with Soft Hands},
  booktitle =    HUMANOIDS,
  year =         {2014},
  address =      {Madrid, Spain},
  month =        {November}
}

@inproceedings{saxena2008b,
    title={Learning Grasp Strategies with Partial Shape Information.},
    author={Saxena, Ashutosh and Wong, Lawson LS and Ng, Andrew Y},
    booktitle={AAAI},
    volume={3},
    number={2},
    pages={1491--1494},
    year={2008}
}

@inproceedings{detry2013a,
    title={Learning a dictionary of prototypical grasp-predicting parts from grasping experience},
    author={Detry, Renaud and Ek, Carl Henrik and Madry, Marianna and Kragic, Danica},
    booktitle={Robotics and Automation (ICRA), 2013 IEEE International Conference on},
    pages={601--608},
    year={2013},
    organization={IEEE}
}

@article{herzog2014a,
    title={Learning of grasp selection based on shape-templates},
    author={Herzog, Alexander and Pastor, Peter and Kalakrishnan, Mrinal and Righetti, Ludovic and Bohg, Jeannette and Asfour, Tamim and Schaal, Stefan},
    journal={Autonomous Robots},
    volume={36},
    number={1-2},
    pages={51--65},
    year={2014},
    publisher={Springer}
}

@inproceedings{kroemer2012a,
    title={A kernel-based approach to direct action perception},
    author={Kroemer, Oliver and Ugur, Emre and Oztop, Erhan and Peters, Jan},
    booktitle={Robotics and Automation (ICRA), 2012 IEEE International Conference on},
    pages={2605--2610},
    year={2012},
    organization={IEEE}
}

@inproceedings{ben2012generalization,
    title={Generalization of human grasping for multi-fingered robot hands},
    author={Ben Amor, H and Kroemer, Oliver and Hillenbrand, Ulrich and Neumann, Gerhard and Peters, Jan},
    booktitle={Intelligent Robots and Systems (IROS), 2012 IEEE/RSJ International Conference on},
    pages={2043--2050},
    year={2012},
    organization={IEEE}
}

@inproceedings{hillenbrand2012transferring,
    title={Transferring functional grasps through contact warping and local replanning},
    author={Hillenbrand, Ulrich and Roa, Maximo A},
    booktitle={Intelligent Robots and Systems (IROS), 2012 IEEE/RSJ International Conference on},
    pages={2963--2970},
    year={2012},
    organization={IEEE}
}

@UNPUBLISHED{kopicki2015oneshot,
    author =       {Marek Kopicki and Maxime Adjigble and Rustam Stolkin and Ales Leonardis and Renaud Detry and Jeremy L. Wyatt},
    title =        {One shot learning and generation of dexterous grasps for novel objects},
    note =         {Under review},
    year =         {2015}
}

@UNPUBLISHED{bonilla2015samplebased,
    author =       {Manuel Bonilla and Edoardo Farnioli and Lucia Pallottino and Antonio Bicchi},
    title =        {Sample-based motion planning for soft robot manipulators under task constraints},
    note =         {Under review},
    year =         {2015}
}

@inproceedings{bialkowski2013free,
    title={Free-configuration biased sampling for motion planning},
    author={Bialkowski, Joshua and Otte, Michael and Frazzoli, Emilio},
    booktitle={Intelligent Robots and Systems (IROS), 2013 IEEE/RSJ International Conference on},
    pages={1272--1279},
    year={2013},
    organization={IEEE}
}

@article{prattichizzo1997consistent,
    title={Consistent task specification for manipulation systems with general kinematics},
    author={Prattichizzo, Domenico and Bicchi, Antonio},
    journal={Journal of dynamic systems, measurement, and control},
    volume={119},
    number={4},
    pages={760--767},
    year={1997},
    publisher={American Society of Mechanical Engineers}
}

@article{prattichizzo1998dynamic,
    title={Dynamic analysis of mobility and graspability of general manipulation systems},
    author={Prattichizzo, Domenico and Bicchi, Antonio},
    journal={Robotics and Automation, IEEE Transactions on},
    volume={14},
    number={2},
    pages={241--258},
    year={1998},
    publisher={IEEE}
}

@TECHREPORT{bib:platt_csail_2011,
  author = {Platt, R. and Kaelbling, L. and Lozano-Perez, T. and Tadrake, R.},
  title = {Simultanious localization and grasping as a belief space control
    problem},
  institution = {CSAIL, MIT},
  year = {2001},
  owner = {Administrator},
  timestamp = {2011.11.18}
}

@INPROCEEDINGS{bib:zito_workshop_iros2012,
  author = {C. Zito and R. Stolkin and M. S. Kopicki and M. Di Luca and J. L.
    Wyatt},
  title = {Exploratory reach-to-grasp trajectories for uncertain object poses.},
  booktitle = {Proc. Workshop on Beyond Robot Grasping: Modern Approaches for Dynamic
    Manipulation. Intelligent Robots and Systems ({IROS})},
  year = {2012},
  owner = {Memnone},
  timestamp = {2013.03.15}
}

@INPROCEEDINGS{bib:zito_iros_2013,
  author = {Zito, C. and Kopicki, M.S. and Stolkin, R. and Borst, C. and Schmidt,
    F. and Roa, M. A. and Wyatt, J.L.},
  title = {Sequential trajectory re-planning with tactile information gain for
    dextrous grasping under object-pose uncertainty},
  booktitle = {{IEEE} Proc. Intelligent Robots and Systems ({IROS})},
  year = {2013},
  owner = {Memnone},
  timestamp = {2013.10.23}
}

@InProceedings{Geidenstam:RSS:2009,
  Title                    = {Learning of 2{D} grasping strategies from box-based 3{D} object approximations},
  Author                   = {S. Geidenstam AND K. Huebner AND D. Banksell AND D. Kragic},
  Booktitle                = {Proceedings of Robotics: Science and Systems},
  Year                     = {2009},

  Address                  = {Seattle, USA},
  Month                    = {June}
}

@InProceedings{Huebner:IROS:2008,
  Title                    = {Selection of robot pre-grasps using box-based shape approximation},
  Author                   = {Huebner, K. and Kragic, D.},
  Booktitle                = {Intelligent Robots and Systems, 2008. IROS 2008. IEEE/RSJ International Conference on},
  Year                     = {2008},
  Month                    = {Sept},
  Pages                    = {1765-1770},

  Doi                      = {10.1109/IROS.2008.4650722},
  Keywords                 = {manipulators;neural nets;service robots;3D object shape approximation;box-based shape approximation;off-line trained neural network;robot pre-grasps;task-dependent grasps;Approximation methods;Face;Gain;Grasping;Noise;Shape;Three dimensional displays}
}

@InProceedings{Huebner:ICRA:2008,
  Title                    = {Minimum volume bounding box decomposition for shape approximation in robot grasping},
  Author                   = {Huebner, K. and Ruthotto, S. and Kragic, D.},
  Booktitle                = {Robotics and Automation, 2008. ICRA 2008. IEEE International Conference on},
  Year                     = {2008},
  Month                    = {May},
  Pages                    = {1628-1633},

  Doi                      = {10.1109/ROBOT.2008.4543434},
  ISSN                     = {1050-4729},
  Keywords                 = {intelligent robots;sensors;Grasplt!;bounding box decomposition;intelligent robots;model interpretation;robot grasping;sensor perception;shape approximation;Clouds;Grasping;Intelligent robots;Intelligent sensors;Kinematics;Robot sensing systems;Robotics and automation;Service robots;Shape;USA Councils}
}

@ARTICLE{Shimoga:IJRR:1996,
  author =       {K. Shimoga},
  title =        {Robot Grasp Synthesis Algorithms: A Survey},
  journal =      IJRR,
  year =         {1996},
  volume =       {15},
  number =       {3},
  pages =        {230--266}
}

@InProceedings{Miller:ICRA:2003,
  author =       {A. T. Miller and S. Knoop and H.I. Christensen and P.K. Allen},
  title =        {Automatic Grasp Planning Using Shape Primitives},
  booktitle =    ICRA,
  year =         {2003}
  }

@InProceedings{Borst:ICRA:2004,
  author =       {C. Borst and M. Fischer and G. Hirzinger},
  title =        {Grasp Planning: How to Choose a Suitable Task Wrench Space},
  booktitle =    ICRA,
  year =         {2004}
  }


@InProceedings{Biegelbauer:ICRA:2007,
  author =       {G. Biegelbauer and M. Vincze},
  title =        {Efficient 3D Object Detection by Fitting Superquadrics to Range Image Data for Robotâ€™s Object Manipulation},
  booktitle =    ICRA,
  year =         {2007}
  }

@ARTICLE{Chevalier:JWSCG:2003,
  author =       {L. Chevalier and F. Jaillet and A. Baskurt},
  title =        {Segmentation and Superquadric Modeling of 3D Objects},
  journal =      {Journal of WSCG},
  year =         {2003},
  volume =       {11},
  number =       {1},
  pages =        {1--8}
}

@InProceedings{Goldfeder:ICRA:2007,
  author =       {C. Goldfeder and P. K. Allen and C. Lackner and R. Pelossof},
  title =        {Grasp Planning Via Decomposition Trees},
  booktitle =    ICRA,
  year =         {2007}
  }

@InProceedings{Katsoulas:ICCV:2003,
  author =       {D. Katsoulas},
  title =        {Reliable Recovery of Piled Box-like Objects via Parabolically Deformable Superquadrics},
  booktitle =    ICRA,
  year =         {2003}
  }

@online{ADAMS:ONLINE,
  author  = {{MSC Software}},
  title   = {Adams},
  year    = 2015,
  url     = {http://web.mscsoftware.com/},
  urldate = {2015-02-26}
}

@PHDTHESIS{Diankov:PHDTHESIS:2010,
  author =       {R. Diankov},
  title =        {Automated Construction of Robotic Manipulation Programs},
  school =       {Carnegie Mellon University, Robotics Institute},
  year =         {2010},
  type =         {PhD thesis},
  month =        {August}
}

@article{Miller:GRASPIT:2004,
	title = {Graspit! a versatile simulator for robotic grasping},
	volume = {11},
	lccn = {0218},
	number = {4},
	journal = IEEERAS,
	author = {Miller, {A.T.} and Allen, {P.K.}},
	year = {2004},
	pages = {110--122}
}

@inproceedings{Koga:ICRA:1994,
author = {Y. Koga and J.-C. Latombe},
title = {On multi-arm manipulation planning},
booktitle = ICRA,
year = {1994},
}

@inproceedings{Cohen:RSS:2014,
author = {B. Cohen and M. Phillips and M. Likhachev},
title = {Planning Single-arm Manipulations with N-Arm Robots},
booktitle = RSS,
year = {2014},
}

@inproceedings{Levine:NIPS:2014,
    author = {Sergey Levine and Pieter Abbeel},
    title = {Learning Neural Network Policies with Guided Policy Search under Unknown Dynamics},
    booktitle = {Neural Information Processing Systems (NIPS)},
    year = {2014},
}

@UNPUBLISHED{Levine:PREPRINT:2014,
  author =       {Sergey Levine and Nolan Wagener and Pieter Abbeel},
  title =        {Learning Contact-Rich Manipulation Skills with Guided Policy Search},
  note =         {Under review},
  year =         {2015}
}

@CONFERENCE{Mordatch:ACMSCA:2012,
  author =       {I. Mordatch and Z. Popovi\'{c} and E. Todorov},
  title =        {Contact-Invariant Optimization for Hand Manipulation},
  booktitle =    {Eurographics/ACM Symposium on Computer Animation},
  year =         {2012}
}

@INPROCEEDINGS{Mordatch:RSS:2014,
    AUTHOR    = {Igor Mordatch AND Emo Todorov},
    TITLE     = {Combining the benefits of function approximation and trajectory optimization},
    BOOKTITLE = {Proceedings of Robotics: Science and Systems},
    YEAR      = {2014},
    ADDRESS   = {Berkeley, USA},
    MONTH     = {July}
}

@ARTICLE{Posa:IJRR:2014,
author  = {M. Posa and C. Cantu and R. Tedrake},
title   = {A Direct Method for Trajectory Optimization of Rigid Bodies Through Contact},
journal = IJRR,
year    = {2014},
volume  = {33},
number  = {1},
pages   = {69--81}
}

@article{Ferrari:1992eb,
author = {Ferrari, C. and Canny, J.},
title = {{Planning optimal grasps}},
journal = {Proceedings 1992 IEEE International Conference on Robotics and Automation},
year = {1992},
pages = {2290--2295},
month = jan,
}

@article{Prattichizzo:1997vf,
author = {Prattichizzo, D and Salisbury, JK and Bicchi, A},
title = {{Contact and grasp robustness measures: Analysis and experiments}},
journal = {Experimental Robotics IV},
year = {1997},
month = jan,
}

@inproceedings{Rosales:2012fg,
author = {Rosales, C. and Suarez, R. and Gabiccini, M. and Bicchi, A.},
title = {{On the synthesis of feasible and prehensile robotic grasps}},
booktitle = {Robotics and Automation (ICRA), 2012 IEEE International Conference on},
year = {2012},
pages = {1--7},
}

@inproceedings{Teichmann:1994ca,
author = {Teichmann, M. and Mishra, B.},
title = {{Reactive algorithms for grasping using a modified parallel jaw gripper}},
booktitle = {Robotics and Automation, 1994. Proceedings., 1994 IEEE International Conference on},
year = {1994},
pages = {1--6},
}

@article{Platt:2010gz,
author = {Platt, R. and Fagg, A. H. and Grupen, R. A. and Bluethmann, W. and Ambrose, R. and Diftler, M. and Huber, E. and Fagg, A. and Rosenstein, M. and Grupen, R. and Breazeal, C. and Brooks, A. and Lockerd, A. and Peters, R. A. and Jenkins, O. C. and Mataric, M. and Bugajska, M.},
title = {{Null-Space Grasp Control: Theory and Experiments}},
journal = {Robotics, IEEE Transactions on},
year = {2010},
number = {2},
pages = {1--14},
}
