@MISC{ProjectWebsite,
  author = {{PaCMan Site}},
  url = {{http://www.pacman-project.eu/}}, 
  urldate = {2016-01-19}
}
@inProceedings{Cheng2010,
  title = {A Novel 2{D}-to-3{D} Conversion System Using Edge Information},
  author = {Cheng, Chao-Chung and Li, Chung-Te and Chen, Liang-Gee},
  booktitle = {IEEE Transactions on consumer electronics},
  year = {2010},
  pages = {1739--1745},
  volume={56},
  number ={3}
}
@inProceedings{Arca2007,
  title = {Face recognition based on 2{D} and 3{D} features},
  author = {Arca, Stefan and Lanzarotti, Raffaella and Lipori, Giuseppe},
  booktitle = {International Conference on Knowledge-Based Intelligent Information and Engineering Systems},
  year = {2007},
  pages = {455-462},
}
@inProceedings{Soltana2010,
  title = {Comparison of 2{D}/3{D} features and their adaptive score level fusion for 3{D} face recognition},
  author = {Soltana, Wael Ben and Huang, Di and Ardabilian, Mohsen and Chen, Liming},
  booktitle = {3{D} data processing, visualization and transmission (3DPVT)},
  year = {2010},
  pages = {455-462},
}
@inProceedings{Eitz2012,
 author = {Eitz, Mathias and Richter, Ronald and Boubekeur, Tamy and Hildebrand, Kristian and Alexa, Marc},
 title = {Sketch-based Shape Retrieval},
 journal = {ACM Trans. Graph.},
 volume = {31},
 number = {4},
 year = {2012},
 pages = {31:1--31:10},
 url = {http://doi.acm.org/10.1145/2185520.2185527},
 doi = {10.1145/2185520.2185527},
} 
@inProceedings{Masci2011,
    author = {Masci, J. and Meier, U. and Ciresan, D. and Schmidhuber, J.},
    title = {{Stacked convolutional auto-encoders for hierarchical feature extraction}},
    booktitle = {21th International Conference on Artificial Neural Networks (ICAN'11)},
    volume = {1},
    pages = {52--59},
    year = {2011}
}
@inProceedings{Tian2014,
    author = {Tian, H. and Zhuang, B. and Hua, Y. and Cai, A.},
    title = {{Depth Inference with Convolutional Neural Network}},
    booktitle = {IEEE Visual Communications and Image Processing Conference},
    pages = {169--172},
    year = {2014}
}
@inProceedings{Konrad2012,
    author = {Konrad, J. and Wang, M. and Ishwar, P.},
    title = {{2D-to-3D image conversion by learning depth from examples}},
    booktitle = {IEEE CVPRW},
    pages = {16--22},
    year = {2012}
}
@Article{Saxena2009,
    author = {Saxena, A. and Sun, M. and Ng, A. Y.},
    title = {{Make3D: Learning 3D scene structure from a single still image}},
    booktitle = {IEEE Transactions on Pattern Analysis and Machine Intelligence},
    volume = {31},
    number = {5},
    pages = {824--840},
    year = {2009}
}
